=LDR  01428 as a22004453i 4500
=001  012088360
=003  Uk
=005  20050222132152.0
=006  m\\\\\\\\d\|\\\\\\
=007  cr||||
=008  020806c20029999xxkw|2\|s|\\\||\\\d0eng\\
=022  0\$a1476-4644$202
=040  \\$aUk$beng$cUk
=210  0\$aMater. update$b(Online)
=222  \0$aMaterials update$b(Online)
=245  00$aMaterials update$h[electronic resource]
=260  \\$aLondon :$bNature Publishing Group.
=336  \\$atext$2rdacontent
=337  \\$acomputer$2rdamedia
=338  \\$aonline resource$2rdacarrier
=516  \\$aPDF format
=538  \\$aMode of access: Internet
=856  \\$ahttp://www.nature.com
=945  \\$aMaterials update -electronic edition-
=979  \\$aBritish Library$cDSC$j5396.523400N
=CAT  \\$aCONV$b00$c20040425$lBLL90$h0850
=CAT  \\$aCONV$b00$c20040502$lBLL01$h1456
=CAT  \\$a5270$b40$c20050222$lBLL01$h1154
=CAT  \\$a5270$b40$c20050222$lBLL01$h1321
=CAT  \\$aglobal_upd$b40$c20060417$lBLL01$h1840
=CAT  \\$aBATCH$b00$c20091210$lBLL01$h0648
=CAT  \\$aWR12_168$c20121206$lBLL01$h1813
=CAT  \\$aW1711-1225$c20171203$lBLL01$h1019
=FIN  \\$aY
=FMT  \\$a  SE
=LAS  \\$aW1711-1225$b00$c20171203$lBLL01$h1019
=LEO  \\$aMP22.0000068570
=SRC  \\$aISN01$bbibmp22.200404.2.aa
=STA  \\$aSUPPRESSED$bunable to determine reason for suppression
=TCO  \\$aCLA$bCLA$c008

