=LDR  01483 as a2200433 a 4500
=001  013014764
=003  Uk
=005  20050914115020.0
=006  m\\\\\\\\d\|\\\\\\
=007  cr||||||||||||
=008  041014c20049999enkuu\p\s\\\\\0\\\a0eng\\
=FMT  \\$a  SE
=015  \\$aGBA575126$2bnb
=040  \\$aUk$beng$cUk
=042  \\$aukblsr
=082  04$a346.420405$222
=245  00$aPropertyManagerFILE$h[electronic resource].
=246  3\$aProperty manager file
=260  \\$aBanbury :$bBrethertons Solicitors,$c[2004]-.
=336  \\$atext$2rdacontent
=337  \\$acomputer$2rdamedia
=338  \\$aonline resource$2rdacarrier
=362  1\$aBegan in March 2004.
=538  \\$aMode of access: email subscription.
=500  \\$aCaption title.
=500  \\$aDescription based on: Apr. 2004 issue.
=500  \\$aBegan in Mar. 2004?
=650  \0$aReal estate management$xLaw and legislation$zEngland$vPeriodicals.
=650  \0$aReal estate management$xLaw and legislation$zWales$vPeriodicals.
=710  2\$aBrethertons Solicitors.
=856  40$ahttp://www.brethertons.co.uk/propertyManagerFile.htm$zTo subscribe
=CAT  \\$a7750$b40$c20041014$lBLL01$h1442
=CAT  \\$a8141$b40$c20050906$lBLL01$h1000
=CAT  \\$a5194$b40$c20050914$lBLL01$h1150
=CAT  \\$aW1711-1225$c20171203$lBLL01$h1020
=FIN  \\$aY$d20050906
=STA  \\$aSUPPRESSED$bunable to determine reason for suppression
=TCO  \\$aCLA$bCLA$c008
=LAS  \\$aW1711-1225$b00$c20171203$lBLL01$h1020

