=LDR  01158 as a22003257a 4500
=001  013065967
=003  Uk
=005  20041216140758.0
=006  m\\\\\\\\d\|\\\\\\
=007  c\||||||||||||
=008  041216c20009999xxufr\\\s\\\\\0\\\a0eng\\
=FMT  \\$a  SE
=022  \\$a1528-8250
=040  \\$aUk$beng$cUk
=245  04$aThe Internet journal of law healthcare and ethics$h[electronic resource]
=260  \\$aSugar Land, TX$bInternet Scientifci Publications LLC$c2000-
=336  \\$atext$2rdacontent
=337  \\$acomputer$2rdamedia
=516  \\$aPDF format
=538  \\$aMode of access: Internet
=856  \\$ahttp://www.ispub.com/ostia/index.php?xmlFilePath=journals/ijlhe/front.xml
=945  \\$aInternet journal of law healthcare and ethics -electronic edition-
=979  \\$aBritish Library$cDSC$j4557.199810N
=CAT  \\$a5270$b40$c20041216$lBLL01$h1407
=CAT  \\$aglobal_upd$b40$c20060416$lBLL01$h1522
=CAT  \\$aWR12_168$c20121206$lBLL01$h1815
=CAT  \\$aW1711-1225$c20171203$lBLL01$h1021
=STA  \\$aSUPPRESSED$bunable to determine reason for suppression
=TCO  \\$aTRS$bCCC$c008
=LAS  \\$aW1711-1225$b00$c20171203$lBLL01$h1021

