=LDR  01079 as a22003257a 4500
=001  013077032
=003  Uk
=005  20100504105538.0
=006  m\\\\\\\\d\|\\\\\\
=007  c\||||||||||||
=008  050107d20021999bl\qr\\\s\\\\\0\\\u0mul\\
=FMT  \\$a  SE
=022  \\$a1676-4285
=040  \\$aUk$beng$cUk
=245  00$aOnline Brazilian Journal of Nursing$h[electronic resource]
=260  \\$bFluminense Federal University Nursing Activities Interest Group,$c2002.
=336  \\$atext$2rdacontent
=337  \\$acomputer$2rdamedia
=516  \\$aPDF format
=538  \\$aMode of access: Internet
=856  \\$ahttp://www.uff.br/nepae/objnursing.htm
=945  \\$aOnline Brazilian Journal of Nursing
=979  \\$aBritish Library$cDSC$j6260.761100N
=CAT  \\$a6810$b40$c20050107$lBLL01$h1048
=CAT  \\$a9729$b40$c20100504$lBLL01$h1055
=CAT  \\$aWR12_168$c20121206$lBLL01$h1815
=CAT  \\$aW1711-1225$c20171203$lBLL01$h1021
=STA  \\$aSUPPRESSED$bunable to determine reason for suppression
=TCO  \\$aXXX$c008
=LAS  \\$aW1711-1225$b00$c20171203$lBLL01$h1021

