=LDR  00991 as a22003137a 4500
=001  013095025
=003  Uk
=005  20050127120951.0
=006  m\\\\\\\\d\|\\\\\\
=007  c\||||||||||||
=008  050127c20039999at\tr\\\s\\\\\0\\\a0eng\\
=FMT  \\$a  SE
=022  \\$a1449-0471
=040  \\$aUk$beng$cUk
=245  00$aPhilament$h[electronic resource]
=260  \\$asydney$bUniversity of Sydney$c2003-
=336  \\$atext$2rdacontent
=337  \\$acomputer$2rdamedia
=516  \\$aPDF format
=538  \\$aMode of access: Internet
=856  \\$ahttp://www.arts.usyd.edu.au/publications/philament/index.htm
=945  \\$aPhilament -electronic edition-
=979  \\$aBritish Library$cDSC$j6449.627050N
=CAT  \\$a5270$b40$c20050127$lBLL01$h1209
=CAT  \\$aWR12_168$c20121206$lBLL01$h1815
=CAT  \\$aW1711-1225$c20171203$lBLL01$h1021
=STA  \\$aSUPPRESSED$bunable to determine reason for suppression
=TCO  \\$aAUS$bCAL$c008
=LAS  \\$aW1711-1225$b00$c20171203$lBLL01$h1021

