=LDR  00966 as a22003017a 4500
=001  013114518
=003  Uk
=005  20050217112145.0
=006  m\\\\\\\\d\|\\\\\\
=007  c\||||||||||||
=008  050217cuuuu9999xxudr\p\s\\\\\0\\\a0eng\\
=FMT  \\$a  SE
=040  \\$aUk$beng$cUk
=245  00$aDaily defense news capsules$h[electronic resource]
=260  \\$bMilitary Periscope.
=336  \\$atext$2rdacontent
=337  \\$acomputer$2rdamedia
=516  \\$aPDF format
=538  \\$aMode of access: Internet
=856  \\$ahttp://www.periscope1.com/preview/ddn.html
=945  \\$aDaily defense news capsule -electronic edition-
=979  \\$aBritish Library$cDSC$j3511.864550N
=CAT  \\$a5270$b40$c20050217$lBLL01$h1121
=CAT  \\$aWR12_168$c20121206$lBLL01$h1815
=CAT  \\$aW1711-1225$c20171203$lBLL01$h1021
=STA  \\$aSUPPRESSED$bunable to determine reason for suppression
=TCO  \\$aTRS$bCCC$c008
=LAS  \\$aW1711-1225$b00$c20171203$lBLL01$h1021

