=LDR  01012 as a22003137a 4500
=001  013117419
=003  Uk
=005  20050222134405.0
=006  m\\\\\\\\d\|\\\\\\
=007  c\||||||||||||
=008  050222c20049999xxumn\p\s\\\\\0\\\a0eng\\
=FMT  \\$a  SE
=022  \\$a1546-962x
=040  \\$aUk$beng$cUk
=245  00$aJournal of ASTM International$h[electronic resource]
=260  \\$aWest Conshohocken :$bASTM International,$c2004-.
=336  \\$atext$2rdacontent
=337  \\$acomputer$2rdamedia
=516  \\$aPDF format
=538  \\$aMode of access: Internet
=856  \\$ahttp://www.astm.org/journals
=945  \\$aJournal of ASTM International -electronic edition-
=979  \\$aBritish Library$cDSC$j4705.535000N
=CAT  \\$a5270$b40$c20050222$lBLL01$h1344
=CAT  \\$aWR12_168$c20121206$lBLL01$h1815
=CAT  \\$aW1711-1225$c20171203$lBLL01$h1021
=STA  \\$aSUPPRESSED$bunable to determine reason for suppression
=TCO  \\$aTRS$bCCC$c008
=LAS  \\$aW1711-1225$b00$c20171203$lBLL01$h1021

