=LDR  00988 as a22003017a 4500
=001  013128083
=003  Uk
=005  20050307122146.0
=006  m\\\\\\\\d\|\\\\\\
=007  c\||||||||||||
=008  050307c19999999xxuuu\p\s\\\\\0\\\a0eng\\
=FMT  \\$a  SE
=040  \\$aUk$beng$cUk
=245  00$aJournal of education on perioperative medicine$h[electronic resource]
=260  \\$aCleveland$bCleveland Clinic Foundation$c1999-
=336  \\$atext$2rdacontent
=337  \\$acomputer$2rdamedia
=516  \\$aPDF format
=538  \\$aMode of access: Internet
=856  \\$ahttp://jepmadmin.org
=945  \\$aJournal of education on perioperative medicine
=979  \\$aBritish Library$cDSC$j4973.150700N
=CAT  \\$a5270$b40$c20050307$lBLL01$h1221
=CAT  \\$aWR12_168$c20121206$lBLL01$h1815
=CAT  \\$aW1711-1225$c20171203$lBLL01$h1021
=STA  \\$aSUPPRESSED$bunable to determine reason for suppression
=TCO  \\$aTRS$bCCC$c008
=LAS  \\$aW1711-1225$b00$c20171203$lBLL01$h1021

