=LDR  01662 am a2200421 a 4500
=001  013128745
=003  Uk
=005  20050321120515.0
=006  m\\\\\\\\d\|\\\\\\
=007  cr||n\|||a||||
=008  050308s2004\\\\wlk||||\s||||\00|\0\eng\\
=FMT  \\$a  BK
=040  \\$aUk$beng$cUk
=042  \\$aukblsr
=082  04$a307.120711$222
=100  1\$aMcCarthy, John,$d1961-
=245  10$aDeveloping cross-national learning for spatial planning$h[electronic resource] :$bthe case of Dundee's overseas study visit /$cJohn McCarthy.
=260  \\$a[Cardiff :$bCentre for Education in the Built Environment,$c2004?].
=336  \\$atext$2rdacontent
=337  \\$acomputer$2rdamedia
=338  \\$aonline resource$2rdacarrier
=538  \\$aMode of access: World Wide Web.
=538  \\$aSystem requirements: IBM compatible PC; Windows; Adobe Acrobat Reader.
=500  \\$aTitle from p.1 of PDF file.
=516  \\$aPDF format.
=650  \0$aCity planning$xStudy and teaching (Higher)$zScotland$zDundee.
=650  \0$aRegional planning$xStudy and teaching (Higher)$zScotland$zDundee.
=650  \0$aCity planning$xField work.
=650  \0$aRegional planning$xField work.
=710  2\$aCentre for Education in the Built Environment.
=856  40$ahttp://www.cebe.heacademy.ac.uk/learning/casestudies/case_pdf/McCaJohn.pdf
=CAT  \\$a7750$b40$c20050308$lBLL01$h1124
=CAT  \\$a8141$b40$c20050321$lBLL01$h1205
=CAT  \\$aBATCH-UPD$b40$c20150509$lBLL01$h1656
=CAT  \\$aW1711-1225$c20171203$lBLL01$h1021
=FIN  \\$aY$d20050321
=STA  \\$aSUPPRESSED$bunable to determine reason for suppression
=LAS  \\$aW1711-1225$b00$c20171203$lBLL01$h1021

