=LDR  01895 am a2200481 a 4500
=001  013128766
=003  Uk
=005  20050404113421.0
=006  m\\\\\\\\d\|\\\\\\
=007  cr||n\|||a||||
=008  050308s2004\\\\wlk||||\s||||\00|\0\eng\\
=FMT  \\$a  BK
=020  \\$cNo price
=040  \\$aUk$beng$cUk
=042  \\$aukblsr
=082  04$a378.0130941$222
=100  1\$aBowden, Andy.
=245  10$aEmployability and the undergraduate building surveying programme at the University of Salford$h[electronic resource] /$cAndy Bowden.
=260  \\$a[Cardiff :$bCentre for Education in the Built Environment,$c2004?].
=336  \\$atext$2rdacontent
=337  \\$acomputer$2rdamedia
=338  \\$aonline resource$2rdacarrier
=538  \\$aMode of access: World Wide Web.
=538  \\$aSystem requirements: IBM compatible PC; Windows; Adobe Acrobat Reader.
=500  \\$aTitle from p.1 of PDF file.
=516  \\$aPDF format.
=610  20$aUniversity of Salford.$bSchool of Construction and Property Management.
=650  \0$aBuilding$xStudy and teaching (Higher)$zGreat Britain.
=650  \0$aSurveying$xStudy and teaching (Higher)$zGreat Britain.
=650  \0$aProfessional education$zGreat Britain.
=650  \0$aCollege graduates$xEmployment$zGreat Britain.
=650  \0$aCareer education
=710  2\$aCentre for Education in the Built Environment.
=856  4\$ahttp://www.cebe.heacademy.ac.uk/learning/casestudies/case_pdf/BowdenA.pdf
=CAT  \\$a7750$b40$c20050308$lBLL01$h1132
=CAT  \\$a8141$b40$c20050322$lBLL01$h1149
=CAT  \\$a5194$b40$c20050404$lBLL01$h1134
=CAT  \\$aUE-01$b00$c20050404$lBLL01$h1248
=CAT  \\$aBATCH-UPD$b00$c20150509$lBLL01$h1615
=CAT  \\$aW1711-1225$c20171203$lBLL01$h1021
=FIN  \\$aY$d20050322
=STA  \\$aSUPPRESSED$bunable to determine reason for suppression
=LAS  \\$aW1711-1225$b00$c20171203$lBLL01$h1021

