=LDR  01061 as a22003137a 4500
=001  013128939
=003  Uk
=005  20050308123148.0
=006  m\\\\\\\\d\|\\\\\\
=007  c\||||||||||||
=008  050308c20049999xxufr\p\s\\\\\0\\\a0eng\\
=FMT  \\$a  SE
=022  \\$a1538-9472
=040  \\$aUk$beng$cUk
=245  00$aJournal of Modern Applied Statistical Methods$h[electronic resource]
=260  \\$aDetroit :$bWayne State University, College of Education,$c2004.
=336  \\$atext$2rdacontent
=337  \\$acomputer$2rdamedia
=516  \\$aPDF format
=538  \\$aMode of access: Internet
=856  \\$ahttp://tbf.coe.wayne.edu/jmasm
=945  \\$aJournal of modern applied statistical methods -Electronic Edition-
=979  \\$aBritish Library$cDSC$j5020.600005N
=CAT  \\$a6810$b40$c20050308$lBLL01$h1231
=CAT  \\$aWR12_168$c20121206$lBLL01$h1815
=CAT  \\$aW1711-1225$c20171203$lBLL01$h1021
=STA  \\$aSUPPRESSED$bunable to determine reason for suppression
=TCO  \\$aTRS$bCCC$c008
=LAS  \\$aW1711-1225$b00$c20171203$lBLL01$h1021

