=LDR  01079cas a22003257a 4500
=001  013132872
=003  Uk
=005  20230125092725.0
=006  m\\\\\\\\d\|\\\\\\
=007  c\||||||||||||
=008  050311c20029999xxcuu\p\s\\\\\0\\\a0eng\\
=FMT  \\$a  SE
=022  \\$a1703-289X
=040  \\$aUk$beng$cUk
=245  00$aJournal of religion and popular culture$h[electronic resource]
=260  \\$aSaskatoon :$bUniversity of Saskatchewan,$c2002-.
=336  \\$atext$2rdacontent
=337  \\$acomputer$2rdamedia
=516  \\$aPDF format
=538  \\$aMode of access: Internet
=856  \\$ahttp://www.usask.ca/relst/jrpc
=945  \\$aJournal of religion and popular culture -electronic edition-
=979  \\$aBritish Library$cDSC$j5049.351000N
=CAT  \\$a5270$b40$c20050311$lBLL01$h0925
=CAT  \\$aWR12_168$c20121206$lBLL01$h1815
=CAT  \\$aW1711-1225$c20171203$lBLL01$h1021
=CAT  \\$a8250$b40$c20230125$lBLL01$h0927
=STA  \\$aSUPPRESSED$bunable to determine reason for suppression
=TCO  \\$aCAN$bAccess$c008
=LAS  \\$a8250$b40$c20230125$lBLL01$h0927

