=LDR  01030 as a22003137a 4500
=001  013134321
=003  Uk
=005  20050314134302.0
=006  m\\\\\\\\d\|\\\\\\
=007  c\||||||||||||
=008  050314c20019999ch\ar\p\s\\\\\0\\\a0eng\\
=FMT  \\$a  SE
=022  \\$a1607-2510
=040  \\$aUk$beng$cUk
=245  00$aApplied mathematics e-notes$h[electronic resource]
=260  \\$aHsinchu :$bDepartment of Mathematics, Tsing Hua University,$c2001-.
=336  \\$atext$2rdacontent
=337  \\$acomputer$2rdamedia
=516  \\$aPDF format
=538  \\$aMode of access: Internet
=856  \\$ahttp://math2.math.nthu.edu.tw/~amen/
=945  \\$aApplied mathematics e notes -electronic edition-
=979  \\$aBritish Library$cDSC$j1573.825000N
=CAT  \\$a5270$b40$c20050314$lBLL01$h1343
=CAT  \\$aWR12_168$c20121206$lBLL01$h1815
=CAT  \\$aW1711-1225$c20171203$lBLL01$h1021
=STA  \\$aSUPPRESSED$bunable to determine reason for suppression
=TCO  \\$aXXX$c008
=LAS  \\$aW1711-1225$b00$c20171203$lBLL01$h1021

