=LDR  01024 as a22003137a 4500
=001  013134386
=003  Uk
=005  20100602135319.0
=006  m\\\\\\\\d\|\\\\\\
=007  c\||||||||||||
=008  050314c19969999ru\zx\p\s\\\\\0\\\c0rus\\
=FMT  \\$a  SE
=040  \\$aUk$beng$cUk
=245  00$aNauchnye trudy- Institut ekonomiki perekhodnogo perioda$h[electronic resource]
=260  \\$aMoskva :$bIEPP,$c1996-.
=336  \\$atext$2rdacontent
=337  \\$acomputer$2rdamedia
=516  \\$aPDF format
=538  \\$aMode of access: Internet
=856  \\$ahttp://www.iet.ru
=945  \\$aNauchnye trudy- Institut ekonomiki perekhodnogo perioda
=979  \\$aBritish Library$cDSC$j0122.830000N
=CAT  \\$a5763$b40$c20050314$lBLL01$h1420
=CAT  \\$a9729$b40$c20060328$lBLL01$h1600
=CAT  \\$a5763$b40$c20100602$lBLL01$h1353
=CAT  \\$aW1711-1225$c20171203$lBLL01$h1021
=STA  \\$aSUPPRESSED$bunable to determine reason for suppression
=TCO  \\$aXXX$c008
=LAS  \\$aW1711-1225$b00$c20171203$lBLL01$h1021

