=LDR  01104 as a22003257a 4500
=001  013146400
=003  Uk
=005  20050322141127.0
=006  m\\\\\\\\d\|\\\\\\
=007  c\||||||||||||
=008  050322c19979999xxufr\p\s\\\\\0\\\a0eng\\
=FMT  \\$a  SE
=022  \\$a1523-1216
=040  \\$aUk$beng$cUk
=245  00$aCyberjournal for pentecostal-charismatic research$h[electronic resource]
=260  \\$aOklahoma City :$bHarold D. Hunter,$c1997-.
=336  \\$atext$2rdacontent
=337  \\$acomputer$2rdamedia
=516  \\$aPDF format
=538  \\$aMode of access: Internet
=856  \\$ahttp://www.pctii.org/cyberj/table.html
=945  \\$aCyberjournal for pentecostal-charismatic research -electronic edition-
=979  \\$aBritish Library$cDSC$j3506.343550N
=CAT  \\$a5270$b40$c20050322$lBLL01$h1406
=CAT  \\$a5270$b40$c20050322$lBLL01$h1411
=CAT  \\$aWR12_168$c20121206$lBLL01$h1815
=CAT  \\$aW1711-1225$c20171203$lBLL01$h1021
=STA  \\$aSUPPRESSED$bunable to determine reason for suppression
=TCO  \\$aTRS$bCCC$c008
=LAS  \\$aW1711-1225$b00$c20171203$lBLL01$h1021

