=LDR  01069 as a22003377a 4500
=001  013146415
=003  Uk
=005  20050322141053.0
=006  m\\\\\\\\d\|\\\\\\
=007  c\||||||||||||
=008  050322c20029999xxuqr\p\s\\\\\0\\\a0eng\\
=FMT  \\$a  SE
=022  \\$a1542-0868
=040  \\$aUk$beng$cUk
=245  00$afilm journal$h[electronic resource]
=260  \\$aPickerington :$bFilm Journal,$c2002-.
=336  \\$atext$2rdacontent
=337  \\$acomputer$2rdamedia
=516  \\$aPDF format
=538  \\$aMode of access: Internet
=856  \\$ahttp://www.thefilmjournal.com
=945  \\$aFilm journal -electronic edition-
=979  \\$aBritish Library$cDSC$j3925.762000N
=985  \\$aCorrected by BSS-generated file
=CAT  \\$a5270$b40$c20050322$lBLL01$h1410
=CAT  \\$aBLSS-CORR$b00$c20080705$lBLL01$h2202
=CAT  \\$aWR12_168$c20121206$lBLL01$h1815
=CAT  \\$aW1711-1225$c20171203$lBLL01$h1021
=STA  \\$aSUPPRESSED$bunable to determine reason for suppression
=TCO  \\$aTRS$bCCC$c008
=LAS  \\$aW1711-1225$b00$c20171203$lBLL01$h1021

