=LDR  00986 as a22003137a 4500
=001  013158773
=003  Uk
=005  20050323092227.0
=006  m\\\\\\\\d\|\\\\\\
=007  c\||||||||||||
=008  050323c20029999xxcfr\\\s\\\\\0\\\a0mul\\
=FMT  \\$a  SE
=022  \\$a1492-9732
=040  \\$aUk$beng$cUk
=245  00$aAcme$h[electronic resource]
=260  \\$aOkanagan :$bOkanagan University College,$c2002-.
=336  \\$atext$2rdacontent
=337  \\$acomputer$2rdamedia
=516  \\$aPDF format
=538  \\$aMode of access: Internet
=856  \\$ahttp://www.acme-journal.org/index.html
=945  \\$aAcme - Okanagan- electronic edition-
=979  \\$aBritish Library$cDSC$j0578.676100N
=CAT  \\$a5270$b40$c20050323$lBLL01$h0922
=CAT  \\$aWR12_168$c20121206$lBLL01$h1815
=CAT  \\$aW1711-1225$c20171203$lBLL01$h1021
=STA  \\$aSUPPRESSED$bunable to determine reason for suppression
=TCO  \\$aCAN$bAccess$c008
=LAS  \\$aW1711-1225$b00$c20171203$lBLL01$h1021

