=LDR  00921 as a22003017a 4500
=001  013158813
=003  Uk
=005  20050323095503.0
=006  m\\\\\\\\d\|\\\\\\
=007  c\||||||||||||
=008  050323cuuuu9999xxkuu\\\s\\\\\0\\\a0eng\\
=FMT  \\$a  SE
=040  \\$aUk$beng$cUk
=245  00$aPeer support networker$h[electronic resource]
=260  \\$aGuildford.
=336  \\$atext$2rdacontent
=337  \\$acomputer$2rdamedia
=516  \\$aPDF format
=538  \\$aMode of access: Internet
=856  \\$ahttp://peersupport.ukobservatory.com
=945  \\$aPeer support networker
=979  \\$aBritish Library$cDSC$j6417.887950N
=CAT  \\$a5270$b40$c20050323$lBLL01$h0955
=CAT  \\$aWR12_168$c20121206$lBLL01$h1815
=CAT  \\$aW1711-1225$c20171203$lBLL01$h1021
=STA  \\$aSUPPRESSED$bunable to determine reason for suppression
=TCO  \\$aCLA$bCLA$c008
=LAS  \\$aW1711-1225$b00$c20171203$lBLL01$h1021

