=LDR  01205 as a22003377a 4500
=001  013172205
=003  Uk
=005  20201127180723.0
=006  m\\\\\\\\d\|\\\\\\
=007  c\||||||||||||
=008  050407c20009999gw\uu\\\s\\\\\0\\\u0ger\\
=FMT  \\$a  SE
=040  \\$aUk$beng$cUk
=245  00$aBryologische Rundbriefe
=260  \\$aDuisburg :$bGesellschaft für Moosforschung,$c2000.
=336  \\$atext$2rdacontent
=337  \\$acomputer$2rdamedia
=516  \\$aPDF format
=538  \\$aMode of access: Internet
=856  \\$ahttp://www.blam.privat.t-online.de/homebad.html
=883  0\$aLanguage codes assigned by Bayesian analysis of words present in record$d20201028$qUk$c0.9010
=945  \\$aBryologische rundbriefe -electronic edition-
=979  \\$aBritish Library$cDSC$j2353.993000N
=985  \\$aUpgraded by BSS-generated file for WR2011-1472
=CAT  \\$a6810$b40$c20050407$lBLL01$h1204
=CAT  \\$aWR12_168$c20121206$lBLL01$h1815
=CAT  \\$aW1711-1225$c20171203$lBLL01$h1021
=CAT  \\$aW2011-1472$b00$c20201127$lBLL01$h1807
=STA  \\$aSUPPRESSED$bunable to determine reason for suppression
=TCO  \\$aDEU$bVG WORT$c008
=LAS  \\$aW2011-1472$b00$c20201127$lBLL01$h1807

