=LDR  01047 as a22003137a 4500
=001  013176731
=003  Uk
=005  20050414131549.0
=006  m\\\\\\\\d\|\\\\\\
=007  c\||||||||||||
=008  050414c20029999xxufr\p\s\\\\\0\\\a0eng\\
=FMT  \\$a  SE
=022  \\$a1543-1002
=040  \\$aUk$beng$cUk
=245  00$aNineteenth-century art worldwide$h[electronic resource]
=260  \\$aCollege Park :$bAssociation of Historians of Nineteenth-Century Art,$c2002-.
=336  \\$atext$2rdacontent
=337  \\$acomputer$2rdamedia
=516  \\$aPDF format
=538  \\$aMode of access: Internet
=856  \\$ahttp://19thc-artworldwide.org
=945  \\$aNineteenth century art worldwide -electronic edition-
=979  \\$aBritish Library$cDSC$j6113.227550N
=CAT  \\$a5270$b40$c20050414$lBLL01$h1315
=CAT  \\$aWR12_168$c20121206$lBLL01$h1815
=CAT  \\$aW1711-1225$c20171203$lBLL01$h1021
=STA  \\$aSUPPRESSED$bunable to determine reason for suppression
=TCO  \\$aTRS$bCCC$c008
=LAS  \\$aW1711-1225$b00$c20171203$lBLL01$h1021

