=LDR  00959 as a22003017a 4500
=001  013191576
=003  Uk
=005  20050505133618.0
=006  m\\\\\\\\d\|\\\\\\
=007  c\||||||||||||
=008  050505c19999999xxumr\\\s\\\\\0\\\a0eng\\
=FMT  \\$a  SE
=040  \\$aUk$beng$cUk
=245  00$aVirtual Mentor$h[electronic resource]
=260  \\$bAmerican Medical Association,$c1999.
=336  \\$atext$2rdacontent
=337  \\$acomputer$2rdamedia
=516  \\$aPDF format
=538  \\$aMode of access: Internet
=856  \\$awww.ama-assn.org/ama/pub/category/3040.html
=945  \\$aVirtual mentor -Electronic Edition-
=979  \\$aBritish Library$cDSC$j9240.725300N
=CAT  \\$a6810$b40$c20050505$lBLL01$h1336
=CAT  \\$aWR12_168$c20121206$lBLL01$h1815
=CAT  \\$aW1711-1225$c20171203$lBLL01$h1021
=STA  \\$aSUPPRESSED$bunable to determine reason for suppression
=TCO  \\$aTRS$bCCC$c008
=LAS  \\$aW1711-1225$b00$c20171203$lBLL01$h1021

