=LDR  01025 as a22003137a 4500
=001  013191892
=003  Uk
=005  20130923100137.0
=006  m\\\\\\\\d\|\\\\\\
=007  c\||||||||||||
=008  050505c20019999xo\ar\\\s\\\\\0\\\a0eng\\
=FMT  \\$a  SE
=040  \\$aUk$beng$cUk
=245  00$aMeasurement science review$h[electronic resource]
=260  \\$aBratislava :$bInstitute of Measurement Slovak Academy of Sciences,$c2001-.
=336  \\$atext$2rdacontent
=337  \\$acomputer$2rdamedia
=516  \\$aPDF format
=538  \\$aMode of access: Internet
=856  \\$ahttp://www.measurement.sk
=945  \\$aMeasurement science review
=979  \\$aBritish Library$cDSC$j5413.572500N
=CAT  \\$a5763$b40$c20050505$lBLL01$h1607
=CAT  \\$a9729$b40$c20100604$lBLL01$h1126
=CAT  \\$a6550$b40$c20130923$lBLL01$h1001
=CAT  \\$aW1711-1225$c20171203$lBLL01$h1021
=STA  \\$aSUPPRESSED$bunable to determine reason for suppression
=TCO  \\$aXXX$c008
=LAS  \\$aW1711-1225$b00$c20171203$lBLL01$h1021

