=LDR  01063 as a22003257a 4500
=001  013193343
=003  Uk
=005  20050509132920.0
=006  m\\\\\\\\d\|\\\\\\
=007  c\||||||||||||
=008  050509c20049999gw\uu\p\s\\\\\0\\\a0eng\\
=FMT  \\$a  SE
=022  \\$a1613-5091
=040  \\$aUk$beng$cUk
=245  00$aPersonal construct theory & practice$h[electronic resource]
=260  \\$aHamburg :$bJ. Scheer,$c2004-.
=336  \\$atext$2rdacontent
=337  \\$acomputer$2rdamedia
=516  \\$aPDF format
=538  \\$aMode of access: Internet
=856  \\$ahttp://www.pcp-net.org/journal
=945  \\$aPersonal construct theory and practice -electronic edition-
=979  \\$aBritish Library$cDSC$j6427.862760N
=CAT  \\$a5270$b40$c20050509$lBLL01$h1323
=CAT  \\$a5270$b40$c20050509$lBLL01$h1329
=CAT  \\$aWR12_168$c20121206$lBLL01$h1815
=CAT  \\$aW1711-1225$c20171203$lBLL01$h1021
=STA  \\$aSUPPRESSED$bunable to determine reason for suppression
=TCO  \\$aDEU$bVG WORT$c008
=LAS  \\$aW1711-1225$b00$c20171203$lBLL01$h1021

