=LDR  01047 as a22003017a 4500
=001  013196048
=003  Uk
=005  20050511095328.0
=006  m\\\\\\\\d\|\\\\\\
=007  c\||||||||||||
=008  050511c19979999xxuar\\\s\\\\\0\\\a0eng\\
=FMT  \\$a  SE
=040  \\$aUk$beng$cUk
=245  00$aInternational Journal of Ramadan Fasting Research$h[electronic resource]
=260  \\$aMorgantown :$bInternational Society for Ramadan Fasting Research,$c1997.
=336  \\$atext$2rdacontent
=337  \\$acomputer$2rdamedia
=516  \\$aPDF format
=538  \\$aMode of access: Internet
=856  \\$ahttp://www.labs.net/ains/
=945  \\$aInternational journal of ramadan fasting research -Electronic Edition-
=979  \\$aBritish Library$cDSC$j4542.525005N
=CAT  \\$a6810$b40$c20050511$lBLL01$h0953
=CAT  \\$aWR12_168$c20121206$lBLL01$h1815
=CAT  \\$aW1711-1225$c20171203$lBLL01$h1021
=STA  \\$aSUPPRESSED$bunable to determine reason for suppression
=TCO  \\$aTRS$bCCC$c008
=LAS  \\$aW1711-1225$b00$c20171203$lBLL01$h1021

