=LDR  01025 as a22003137a 4500
=001  013197378
=003  Uk
=005  20050512143414.0
=006  m\\\\\\\\d\|\\\\\\
=007  c\||||||||||||
=008  050512c20019999xxufr\p\s\\\\\0\\\a0eng\\
=FMT  \\$a  SE
=022  \\$a1534-0333
=040  \\$aUk$beng$cUk
=245  00$aTrauma and loss$h[electronic resource]
=260  \\$aGrosse Pointe Woods :$bNational Institute for Trauma and Loss in Children,$c2001-.
=336  \\$atext$2rdacontent
=337  \\$acomputer$2rdamedia
=516  \\$aPDF format
=538  \\$aMode of access: Internet
=856  \\$ahttp://www.tlcinst.org/journal.html
=945  \\$aTrauma and loss -electronic edition-
=979  \\$aBritish Library$cDSC$j9026.857150N
=CAT  \\$a5270$b40$c20050512$lBLL01$h1434
=CAT  \\$aWR12_168$c20121206$lBLL01$h1815
=CAT  \\$aW1711-1225$c20171203$lBLL01$h1021
=STA  \\$aSUPPRESSED$bunable to determine reason for suppression
=TCO  \\$aTRS$bCCC$c008
=LAS  \\$aW1711-1225$b00$c20171203$lBLL01$h1021

