=LDR  01078 as a22003137a 4500
=001  013213031
=003  Uk
=005  20050603131851.0
=006  m\\\\\\\\d\|\\\\\\
=007  c\||||||||||||
=008  050603c19949999cu\tr\\\s\\\\\0\\\b0spa\\
=FMT  \\$a  SE
=022  \\$a1025-0255
=040  \\$aUk$beng$cUk
=245  00$aAMC. Archivo médico Camagüey$h[electronic resource]
=260  \\$aCamagüey :$bCentro Provincial de Información de Ciencias Médicas de la Provincia de Camagüey,$c1994.
=336  \\$atext$2rdacontent
=337  \\$acomputer$2rdamedia
=516  \\$aPDF format
=538  \\$aMode of access: Internet
=856  \\$ahttp://www.cmw.sld.cu/amc/numeros.htm
=945  \\$aAMC Archivio medico Camaguey -Electronic Edition-
=979  \\$aBritish Library$cDSC$j0809.215800N
=CAT  \\$a6810$b40$c20050603$lBLL01$h1318
=CAT  \\$aWR12_168$c20121206$lBLL01$h1816
=CAT  \\$aW1711-1225$c20171203$lBLL01$h1021
=STA  \\$aSUPPRESSED$bunable to determine reason for suppression
=TCO  \\$aXXX$c008
=LAS  \\$aW1711-1225$b00$c20171203$lBLL01$h1021

