=LDR  00983 as a22003137a 4500
=001  013213036
=003  Uk
=005  20050603132228.0
=006  m\\\\\\\\d\|\\\\\\
=007  c\||||||||||||
=008  050603c19979999xxcfn\\\s\\\\\0\\\a0eng\\
=FMT  \\$a  SE
=022  \\$a1708-3087
=040  \\$aUk$beng$cUk
=245  00$aEcology and Society$h[electronic resource]
=260  \\$bThe Resilience Alliance,$c1997.
=336  \\$atext$2rdacontent
=337  \\$acomputer$2rdamedia
=516  \\$aPDF format
=538  \\$aMode of access: Internet
=856  \\$ahttp://www.ecologyandsociety.org/
=945  \\$aEcology and society -Electronic Edition-
=979  \\$aBritish Library$cDSC$j3650.040680N
=CAT  \\$a6810$b40$c20050603$lBLL01$h1322
=CAT  \\$aWR12_168$c20121206$lBLL01$h1816
=CAT  \\$aW1711-1225$c20171203$lBLL01$h1021
=STA  \\$aSUPPRESSED$bunable to determine reason for suppression
=TCO  \\$aCAN$bAccess$c008
=LAS  \\$aW1711-1225$b00$c20171203$lBLL01$h1021

