=LDR  01020 as a22003137a 4500
=001  013213597
=003  Uk
=005  20050606113323.0
=006  m\\\\\\\\d\|\\\\\\
=007  c\||||||||||||
=008  050606c20049999at\tr\\\s\\\\\0\\\a0eng\\
=FMT  \\$a  SE
=022  \\$a1832-3391
=040  \\$aUk$beng$cUk
=245  04$aThe Bible and critical theory$h[electronic resource]
=260  \\$aClayton :$bMonash University ePress,$c2004-.
=336  \\$atext$2rdacontent
=337  \\$acomputer$2rdamedia
=516  \\$aPDF format
=538  \\$aMode of access: Internet
=856  \\$ahttp://publications.epress.monash.edu/loi/bc
=945  \\$aBible and critical theory -electronic edition-
=979  \\$aBritish Library$cDSC$j1947.820355N
=CAT  \\$a5270$b40$c20050606$lBLL01$h1133
=CAT  \\$aWR12_168$c20121206$lBLL01$h1816
=CAT  \\$aW1711-1225$c20171203$lBLL01$h1021
=STA  \\$aSUPPRESSED$bunable to determine reason for suppression
=TCO  \\$aAUS$bCAL$c008
=LAS  \\$aW1711-1225$b00$c20171203$lBLL01$h1021

