=LDR  01073 as a22003137a 4500
=001  013213675
=003  Uk
=005  20050606121408.0
=006  m\\\\\\\\d\|\\\\\\
=007  c\||||||||||||
=008  050606c19979999bl\fr\\\s\\\\\0\\\a0por\\
=FMT  \\$a  SE
=022  \\$a1516-7399
=040  \\$aUk$beng$cUk
=245  00$aJournal of microwaves and optoelectronics$h[electronic resource]
=260  \\$aSão Caetano do Sul :$bsociedade Brasileira de Microondas e Optoletrônica,$c1997-.
=336  \\$atext$2rdacontent
=337  \\$acomputer$2rdamedia
=516  \\$aPDF format
=538  \\$aMode of access: Internet
=856  \\$ahttp://www.jmo.ene.unb.br/the.htm
=945  \\$aJournal of microwaves and optoelectronics -electronic edition-
=979  \\$aBritish Library$cDSC$j5019.825500N
=CAT  \\$a5270$b40$c20050606$lBLL01$h1214
=CAT  \\$aWR12_168$c20121206$lBLL01$h1816
=CAT  \\$aW1711-1225$c20171203$lBLL01$h1021
=STA  \\$aSUPPRESSED$bunable to determine reason for suppression
=TCO  \\$aXXX$c008
=LAS  \\$aW1711-1225$b00$c20171203$lBLL01$h1021

