=LDR  00970 as a22003137a 4500
=001  013237962
=003  Uk
=005  20050624144237.0
=006  m\\\\\\\\d\|\\\\\\
=007  c\||||||||||||
=008  050624c20009999at\tr\\\s\\\\\0\\\a0eng\\
=FMT  \\$a  SE
=022  \\$a1443-7619
=040  \\$aUk$beng$cUk
=245  00$aContremps$h[electronic resource]
=260  \\$aStanmore :$bJohn Dalton,$c2000-.
=336  \\$atext$2rdacontent
=337  \\$acomputer$2rdamedia
=516  \\$aPDF format
=538  \\$aMode of access: Internet
=856  \\$ahttp://www.usyd.edu.au/contremps
=945  \\$aContremps -Stanmore- electronic edition-
=979  \\$aBritish Library$cDSC$j3426.486500N
=CAT  \\$a5270$b40$c20050624$lBLL01$h1442
=CAT  \\$aWR12_168$c20121206$lBLL01$h1816
=CAT  \\$aW1711-1225$c20171203$lBLL01$h1021
=STA  \\$aSUPPRESSED$bunable to determine reason for suppression
=TCO  \\$aAUS$bCAL$c008
=LAS  \\$aW1711-1225$b00$c20171203$lBLL01$h1021

