=LDR  01543 am a2200421 a 4500
=001  013252219
=003  Uk
=005  20050715083444.0
=006  m\\\\|\\\d\|\\\\\\
=007  cr||||||||||||
=008  050714s2004\\\\enk\\\\\s\\\\o000\0\eng\\
=FMT  \\$a  BK
=040  \\$aUk$beng$cUk
=042  \\$aukblsr
=082  04$a363.630941$222
=245  04$aThe gas consultation document$h[electronic resource] :$bsummary of responses and DTI conclusions.
=260  \\$a[London :$bDTI,$c2004].
=336  \\$atext$2rdacontent
=337  \\$acomputer$2rdamedia
=338  \\$aonline resource$2rdacarrier
=538  \\$aMode of access: World Wide Web.
=538  \\$aSystem requirements: Adobe Acrobat Reader.
=500  \\$aTitle from PDF title page (viewed on 15 July, 2005)
=516  \\$aPDF format.
=500  \\$aPublisher's no.: URN 04/2093.
=650  \0$aGas industry$zGreat Britain.
=710  1\$aGreat Britain.$bDepartment of Trade and Industry.
=856  40$ahttp://www.dti.gov.uk/energy/domestic_markets/gas_market/gas_decision.pdf?pubpdfdload=04%2F2093
=985  \\$aRecord amended for WR# 13/070
=CAT  \\$a6524$b40$c20050714$lBLL01$h0905
=CAT  \\$a6524$b40$c20050714$lBLL01$h0906
=CAT  \\$a11281$b40$c20050715$lBLL01$h0834
=CAT  \\$aBATCH-UPD$b40$c20070723$lBLL01$h1558
=CAT  \\$aWR13_070$b00$c20130504$lBLL01$h0240
=CAT  \\$aW1711-1225$c20171203$lBLL01$h1022
=FIN  \\$aY$d20050715
=STA  \\$aSUPPRESSED$bunable to determine reason for suppression
=LAS  \\$aW1711-1225$b00$c20171203$lBLL01$h1022

