=LDR  01045 as a22003257a 4500
=001  013259229
=003  Uk
=005  20120810110139.0
=006  m\\\\\\\\d\|\\\\\\
=007  c\||||||||||||
=008  050725c20009999xxktr\\\s\\\\\0\\\a0eng\\
=FMT  \\$a  SE
=022  \\$a1472-3085
=040  \\$aUk$beng$cUk
=245  00$aEnterText$h[electronic resource]
=260  \\$aUxbridge :$bBrunel University, Faculty of Arts,$c2000-.
=336  \\$atext$2rdacontent
=337  \\$acomputer$2rdamedia
=516  \\$aPDF format
=538  \\$aMode of access: Internet
=856  \\$ahttp://people.brunel.ac.uk/~acsrrrm/entertext/
=945  \\$aEnterText -electronic edition-
=979  \\$aBritish Library$cDSC$j3776.671000N
=CAT  \\$a5270$b40$c20050725$lBLL01$h1348
=CAT  \\$a5270$b40$c20060209$lBLL01$h1223
=CAT  \\$a8456$b40$c20120810$lBLL01$h1101
=CAT  \\$aW1711-1225$c20171203$lBLL01$h1022
=STA  \\$aSUPPRESSED$bunable to determine reason for suppression
=TCO  \\$aCLA$bCLA$c008
=LAS  \\$aW1711-1225$b00$c20171203$lBLL01$h1022

