=LDR  00953 as a22003137a 4500
=001  013271332
=003  Uk
=005  20050811091604.0
=006  m\\\\\\\\d\|\\\\\\
=007  c\||||||||||||
=008  050811c20039999at\fr\\\s\\\\\0\\\a0eng\\
=FMT  \\$a  SE
=022  \\$a1448-2398
=040  \\$aUk$beng$cUk
=245  00$aEjournal of tax research$h[electronic resource]
=260  \\$aCoogee :$bAtax,$c2003-.
=336  \\$atext$2rdacontent
=337  \\$acomputer$2rdamedia
=516  \\$aPDF format
=538  \\$aMode of access: Internet
=856  \\$awww.atax.unsw.edu.au/ejtr
=945  \\$aEjournal of tax research
=979  \\$aBritish Library$cDSC$j3668.444000N
=CAT  \\$a5270$b40$c20050811$lBLL01$h0916
=CAT  \\$aWR12_168$c20121206$lBLL01$h1816
=CAT  \\$aW1711-1225$c20171203$lBLL01$h1022
=STA  \\$aSUPPRESSED$bunable to determine reason for suppression
=TCO  \\$aAUS$bCAL$c008
=LAS  \\$aW1711-1225$b00$c20171203$lBLL01$h1022

