=LDR  01469 as a22004333a 4500
=001  013285177
=003  Uk
=005  20111110135126.0
=006  m\\\\\\\\d\|\\\\\\
=007  cr||||||||||||
=008  050901d200u200uenkwr\p\s\\\\\0\\\a0eng\\
=FMT  \\$a  SE
=015  \\$aGBA613403$2bnb
=040  \\$aUk$beng$cUk
=042  \\$aukblsr
=082  04$a332.63222094105$222
=245  00$aUK weekly market statistics.$h[electronic resource]
=260  \\$aLondon :$bStockcube Research Ltd.
=336  \\$atext$2rdacontent
=337  \\$acomputer$2rdamedia
=338  \\$aonline resource$2rdacarrier
=538  \\$aMode of access: email in HTML format.
=500  \\$aTitle from caption.
=500  \\$aDescription based on: 29 Aug. 2005 issue.
=650  \0$aStock price indexes$zGreat Britain$vPeriodicals.
=710  2\$aInvestors Intelligence, Inc.
=856  40$ahttp://www.investorsintelligence.com$zTo subscribe
=CAT  \\$a10902$b40$c20050901$lBLL01$h1559
=CAT  \\$a11249$b40$c20051107$lBLL01$h1445
=CAT  \\$a10902$b40$c20051205$lBLL01$h1032
=CAT  \\$a3072$b40$c20060113$lBLL01$h1027
=CAT  \\$a3072$b40$c20060113$lBLL01$h1459
=CAT  \\$a7778$b40$c20111110$lBLL01$h1351
=CAT  \\$aWR14_140$c20140905$lBLL01$h1809
=CAT  \\$aW1711-1225$c20171203$lBLL01$h1022
=FIN  \\$aY$d20060113
=STA  \\$aSUPPRESSED$bunable to determine reason for suppression
=TCO  \\$aCLA$bCLA$c008
=LAS  \\$aW1711-1225$b00$c20171203$lBLL01$h1022

