=LDR  01040 as a22003137a 4500
=001  013290822
=003  Uk
=005  20050912131646.0
=006  m\\\\\\\\d\|\\\\\\
=007  c\||||||||||||
=008  050912c20019999xxuar\\\s\\\\\0\\\a0eng\\
=FMT  \\$a  SE
=022  \\$a1538-0637
=040  \\$aUk$beng$cUk
=245  00$aAdvances in economic analysis & policy$h[electronic resource]
=260  \\$aBerkeley :$bBerkeley Electronic Press,$c2001-.
=336  \\$atext$2rdacontent
=337  \\$acomputer$2rdamedia
=516  \\$aPDF format
=538  \\$aMode of access: Internet
=856  \\$ahttp://www.bepress.com/bejeap/advances
=945  \\$aAdvances in economic analysis and policy -electronic edition-
=979  \\$aBritish Library$cDSC$j0704.543000N
=CAT  \\$a5270$b40$c20050912$lBLL01$h1316
=CAT  \\$aWR12_168$c20121206$lBLL01$h1816
=CAT  \\$aW1711-1225$c20171203$lBLL01$h1022
=STA  \\$aSUPPRESSED$bunable to determine reason for suppression
=TCO  \\$aTRS$bCCC$c008
=LAS  \\$aW1711-1225$b00$c20171203$lBLL01$h1022

