=LDR  01955 am a2200493 a 4500
=001  013294789
=003  Uk
=005  20051013131227.0
=006  m\\\\|\\\d\|\\\\\\
=007  cr||||||||||||
=008  050919s2003\\\\enk\\\\\s\\\\o000\0\eng\\
=FMT  \\$a  BK
=040  \\$aUk$beng$cUk
=042  \\$aukblsr
=082  04$a509.41$222
=245  00$aPSA target metrics for the UK research base$h[electronic resource].
=260  \\$a[London :$bDTI],$c2003.
=336  \\$atext$2rdacontent
=337  \\$acomputer$2rdamedia
=338  \\$aonline resource$2rdacarrier
=538  \\$aMode of access: World Wide Web.
=538  \\$aSystem requirements: Adobe Acrobat Reader.
=500  \\$aTitle from PDF title screen (viewed on 10 Oct., 2005)
=516  \\$aPDF format.
=500  \\$a[URN 03/1759].
=520  \\$aOST commissioned Evidence Ltd to define a set of indicators and develop a series of metrics, which are described in this report. This meets with the DTI's PSA target to improve the relative international performance of the UK's science and engineering base.
=650  \0$aResearch$xFinance$zGreat Britain.
=650  \0$aResearch$zGreat Britain.
=650  \0$aScience and state$zGreat Britain.
=650  \0$aTechnology and state$zGreat Britain.
=710  1\$aGreat Britain.$bDepartment of Trade and Industry.
=710  2\$aEvidence Ltd.
=856  40$ahttp://www.ost.gov.uk/research/psa_target_metrics2.pdf
=985  \\$aRecord amended for WR# 13/070
=CAT  \\$a6524$b40$c20050919$lBLL01$h1026
=CAT  \\$a6524$b40$c20050919$lBLL01$h1027
=CAT  \\$a7332$b40$c20051010$lBLL01$h1256
=CAT  \\$a7332$b40$c20051013$lBLL01$h1312
=CAT  \\$aBATCH-UPD$b40$c20070723$lBLL01$h1602
=CAT  \\$aWR13_070$b00$c20130504$lBLL01$h0241
=CAT  \\$aW1711-1225$c20171203$lBLL01$h1022
=FIN  \\$aY$d20051010
=STA  \\$aSUPPRESSED$bunable to determine reason for suppression
=LAS  \\$aW1711-1225$b00$c20171203$lBLL01$h1022

