=LDR  01055 as a22003137a 4500
=001  013294816
=003  Uk
=005  20050919103819.0
=006  m\\\\\\\\d\|\\\\\\
=007  c\||||||||||||
=008  050919c20029999xxufr\\\s\\\\\0\\\a0eng\\
=FMT  \\$a  SE
=022  \\$a1550-7521
=040  \\$aUk$beng$cUk
=245  00$aGlobal Media Journal$h[electronic resource]
=260  \\$aIndiana :$bDepartment of Communication and Creative Arts, Purdue University,$c2002.
=336  \\$atext$2rdacontent
=337  \\$acomputer$2rdamedia
=516  \\$aPDF format
=538  \\$aMode of access: Internet
=856  \\$ahttp://lass.calumet.purdue.edu/cca/gmj/gmj_archive.htm
=945  \\$aGlobal media journal -ELECTRONIC EDITION-
=979  \\$aBritish Library$cDSC$j4195.461800N
=CAT  \\$a6810$b40$c20050919$lBLL01$h1038
=CAT  \\$aWR12_168$c20121206$lBLL01$h1816
=CAT  \\$aW1711-1225$c20171203$lBLL01$h1022
=STA  \\$aSUPPRESSED$bunable to determine reason for suppression
=TCO  \\$aTRS$bCCC$c008
=LAS  \\$aW1711-1225$b00$c20171203$lBLL01$h1022

