=LDR  01074 as a22003137a 4500
=001  013294895
=003  Uk
=005  20050919111327.0
=006  m\\\\\\\\d\|\\\\\\
=007  c\||||||||||||
=008  050919c20039999ja\ar\\\s\\\\\0\\\a0eng\\
=FMT  \\$a  SE
=022  \\$a1348-0391
=040  \\$aUk$beng$cUk
=245  00$aE-journal of surface science and nanotechnology$h[electronic resource]
=260  \\$aTokyo :$bSurface Science Society of Japan,$c2003.
=336  \\$atext$2rdacontent
=337  \\$acomputer$2rdamedia
=516  \\$aPDF format
=538  \\$aMode of access: Internet
=856  \\$ahttp://www.jstage.jst.go.jp/browse/ejssnt/-char/ja/
=945  \\$aE journal of surface science and nanotechnology -ELECTRONIC EDITION-
=979  \\$aBritish Library$cDSC$j3637.850000N
=CAT  \\$a6810$b40$c20050919$lBLL01$h1113
=CAT  \\$aWR12_168$c20121206$lBLL01$h1816
=CAT  \\$aW1711-1225$c20171203$lBLL01$h1022
=STA  \\$aSUPPRESSED$bunable to determine reason for suppression
=TCO  \\$aJPN$bJAACC$c008
=LAS  \\$aW1711-1225$b00$c20171203$lBLL01$h1022

