=LDR  01226 as a22003497a 4500
=001  013294909
=003  Uk
=005  20050921170016.0
=006  m\\\\\\\\d\|\\\\\\
=007  c\||||||||||||
=008  050919c20019999xxuuu\\\s\\\\\0\\\a0eng\\
=FMT  \\$a  SE
=040  \\$aUk$beng$cUk
=245  00$aEducational technology review$h[electronic resource]
=260  \\$aCharlottesville :$bAssociation for the Advancement of Computing in Education,$c2001.
=336  \\$atext$2rdacontent
=337  \\$acomputer$2rdamedia
=516  \\$aPDF format
=538  \\$aMode of access: Internet
=595  \\$aFormerly 3662.531700.
=776  0\$aEducational technology review$x1081-8677
=856  \\$ahttp://www.aace.org/pubs/etr/archives.cfm
=945  \\$aEducational technology review -ELECTRONIC EDITION-
=979  \\$aBritish Library$cDSC$j3662.531800N
=CAT  \\$a6810$b40$c20050919$lBLL01$h1122
=CAT  \\$a6810$b40$c20050919$lBLL01$h1123
=CAT  \\$a8456$b40$c20050921$lBLL01$h1700
=CAT  \\$aWR12_168$c20121206$lBLL01$h1836
=CAT  \\$aW1711-1225$c20171203$lBLL01$h1022
=STA  \\$aSUPPRESSED$bunable to determine reason for suppression
=TCO  \\$aTRS$bCCC$c008
=LAS  \\$aW1711-1225$b00$c20171203$lBLL01$h1022

