=LDR  01050 as a22003137a 4500
=001  013299439
=003  Uk
=005  20050926101612.0
=006  m\\\\\\\\d\|\\\\\\
=007  c\||||||||||||
=008  050926c20009999gw\fr\p\s\\\\\0\\\a0eng\\
=FMT  \\$a  SE
=022  \\$a1617-5239
=040  \\$aUk$beng$cUk
=245  00$aHiN. Alexander von Humboldt im Netz$h[electronic resource]
=260  \\$aPotsdam :$bUniversitat Postdam,$c2000-.
=336  \\$atext$2rdacontent
=337  \\$acomputer$2rdamedia
=516  \\$aPDF format
=538  \\$aMode of access: Internet
=856  \\$ahttp://www.uni-potsdam.de/u/romanistik/himboldt/hin/hin1.htm
=945  \\$aHiN Alexander von Humboldt im Netz -Electronic Edition-
=979  \\$aBritish Library$cDSC$j4315.070500N
=CAT  \\$a5270$b40$c20050926$lBLL01$h1016
=CAT  \\$aWR12_168$c20121206$lBLL01$h1816
=CAT  \\$aW1711-1225$c20171203$lBLL01$h1022
=STA  \\$aSUPPRESSED$bunable to determine reason for suppression
=TCO  \\$aDEU$bVG WORT$c008
=LAS  \\$aW1711-1225$b00$c20171203$lBLL01$h1022

