=LDR  01076 as a22003137a 4500
=001  013313457
=003  Uk
=005  20051017111702.0
=006  m\\\\\\\\d\|\\\\\\
=007  c\||||||||||||
=008  051017c20049999xxcqr\\\s\\\\\0\\\a0eng\\
=FMT  \\$a  SE
=022  \\$a1708-6892
=040  \\$aUk$beng$cUk
=245  04$aThe journal of the Canadian Health Libraries Association$h[electronic resource]
=260  \\$aToronto :$bCanadian Health Libraries Association,$c2004-.
=336  \\$atext$2rdacontent
=337  \\$acomputer$2rdamedia
=516  \\$aPDF format
=538  \\$aMode of access: Internet
=856  \\$ahttp://www.chla-absc.ca/bmc/bmc.html
=945  \\$aJournal- Canadian Health Libraries Association -electronic edition-
=979  \\$aBritish Library$cDSC$j4723.026000N
=CAT  \\$a5270$b40$c20051017$lBLL01$h1117
=CAT  \\$aWR12_168$c20121206$lBLL01$h1816
=CAT  \\$aW1711-1225$c20171203$lBLL01$h1022
=STA  \\$aSUPPRESSED$bunable to determine reason for suppression
=TCO  \\$aCAN$bAccess$c008
=LAS  \\$aW1711-1225$b00$c20171203$lBLL01$h1022

