=LDR  01139 as a22003137a 4500
=001  013324085
=003  Uk
=005  20051031090654.0
=006  m\\\\\\\\d\|\\\\\\
=007  c\||||||||||||
=008  051031c20049999xxuqr\\\s\\\\\0\\\a0eng\\
=FMT  \\$a  SE
=022  \\$a1545-1151
=040  \\$aUk$beng$cUk
=245  00$aPreventing Chronic Diseases: public health research, practice, and policy$h[electronic resource]
=260  \\$aAtlanta :$bU.S. Centers for disease Control and Prevention, National Center for Chronic Disease Prevention and Health Promotion,$c2004.
=336  \\$atext$2rdacontent
=337  \\$acomputer$2rdamedia
=516  \\$aPDF format
=538  \\$aMode of access: Internet
=856  \\$ahttp://www.cdc.gov/nccdphp
=945  \\$aPreventing chronic diseases -ELECTRONIC EDITION-
=979  \\$aBritish Library$cDSC$j6612.727200N
=CAT  \\$a6810$b40$c20051031$lBLL01$h0906
=CAT  \\$aWR12_168$c20121206$lBLL01$h1816
=CAT  \\$aW1711-1225$c20171203$lBLL01$h1022
=STA  \\$aSUPPRESSED$bunable to determine reason for suppression
=TCO  \\$aTRS$bCCC$c008
=LAS  \\$aW1711-1225$b00$c20171203$lBLL01$h1022

