=LDR  01257 as a22003617a 4500
=001  013325624
=003  Uk
=005  20201127180823.0
=006  m\\\\\\\\d\|\\\\\\
=007  c\||||||||||||
=008  051101c20009999ck\uu\\\s\\\\\0\\\a0eng\\
=FMT  \\$a  SE
=022  \\$a0124-5481
=040  \\$aUk$beng$cUk
=245  00$aJournal of science education$h[electronic resource]
=246  11$aRevista de educación en ciencias
=260  \\$aBogotá,$c2000-.
=336  \\$atext$2rdacontent
=337  \\$acomputer$2rdamedia
=516  \\$aPDF format
=538  \\$aMode of access: Internet
=856  \\$ahttp://www.colciencias.gov.co/rec
=883  0\$aLanguage codes assigned by Bayesian analysis of words present in record$d20201028$qUk$c0.9010
=945  \\$aJournal of science education -electronic edition-
=979  \\$aBritish Library$cDSC$j5054.935000N
=985  \\$aUpgraded by BSS-generated file for WR2011-1472
=CAT  \\$a5270$b40$c20051101$lBLL01$h1412
=CAT  \\$aWR12_168$c20121206$lBLL01$h1816
=CAT  \\$aW1711-1225$c20171203$lBLL01$h1022
=CAT  \\$aW2011-1472$b00$c20201127$lBLL01$h1808
=STA  \\$aSUPPRESSED$bunable to determine reason for suppression
=TCO  \\$aXXX$c008
=LAS  \\$aW2011-1472$b00$c20201127$lBLL01$h1808

