=LDR  00995 as a22003137a 4500
=001  013325646
=003  Uk
=005  20051101142919.0
=006  m\\\\\\\\d\|\\\\\\
=007  c\||||||||||||
=008  051101c19959999xxuqr\\\s\\\\\0\\\a0eng\\
=FMT  \\$a  SE
=022  \\$a1544-9491
=040  \\$aUk$beng$cUk
=245  00$aRapid prototyping (Online)$h[electronic resource]
=260  \\$aDearborn :$bRapid Prototyping Association of SME,$c1995-.
=336  \\$atext$2rdacontent
=337  \\$acomputer$2rdamedia
=516  \\$aPDF format
=538  \\$aMode of access: Internet
=856  \\$ahttp://sme.org/ri
=945  \\$aRapid prototyping 0electronic edition-
=979  \\$aBritish Library$cDSC$j7254.445540N
=CAT  \\$a5270$b40$c20051101$lBLL01$h1429
=CAT  \\$aWR12_168$c20121206$lBLL01$h1816
=CAT  \\$aW1711-1225$c20171203$lBLL01$h1022
=STA  \\$aSUPPRESSED$bunable to determine reason for suppression
=TCO  \\$aTRS$bCCC$c008
=LAS  \\$aW1711-1225$b00$c20171203$lBLL01$h1022

