=LDR  00937 as a22003017a 4500
=001  013342048
=003  Uk
=005  20051122142255.0
=006  m\\\\\\\\d\|\\\\\\
=007  c\||||||||||||
=008  051122c19uu9999xxkuu\\\s\\\\\0\\\a0eng\\
=FMT  \\$a  SE
=040  \\$aUk$beng$cUk
=245  00$aICIS news$h[electronic resource]
=260  \\$aLondon :$bReed Business.
=336  \\$atext$2rdacontent
=337  \\$acomputer$2rdamedia
=516  \\$aPDF format
=538  \\$aMode of access: Internet
=856  \\$ahttp://www.icis.com/Home/Default.aspx
=945  \\$aICIS newsletter -ELECTRONIC EDITION-
=979  \\$aBritish Library$cDSC$j4362.047020N
=CAT  \\$a6810$b40$c20051122$lBLL01$h1422
=CAT  \\$aWR12_168$c20121206$lBLL01$h1816
=CAT  \\$aW1711-1225$c20171203$lBLL01$h1023
=STA  \\$aSUPPRESSED$bunable to determine reason for suppression
=TCO  \\$aCLA$bCLA$c008
=LAS  \\$aW1711-1225$b00$c20171203$lBLL01$h1023

