=LDR  01013 as a22003137a 4500
=001  013350585
=003  Uk
=005  20051201083257.0
=006  m\\\\\\\\d\|\\\\\\
=007  c\||||||||||||
=008  051201c19989999xxubr\\\s\\\\\0\\\a0eng\\
=FMT  \\$a  SE
=022  \\$a1533-3825
=040  \\$aUk$beng$cUk
=245  04$aThe journal of conceptual modeling$h[electronic resource]
=260  \\$aminneapolis :$bInConcept,Inc,$c1998.
=336  \\$atext$2rdacontent
=337  \\$acomputer$2rdamedia
=516  \\$aPDF format
=538  \\$aMode of access: Internet
=856  \\$ahttp://inconcept.com/JCM/index.html
=945  \\$aJournal of conceptual modeling -ELECTRONIC EDITION-
=979  \\$aBritish Library$cDSC$j4964.700000N
=CAT  \\$a6810$b40$c20051201$lBLL01$h0832
=CAT  \\$aWR12_168$c20121206$lBLL01$h1816
=CAT  \\$aW1711-1225$c20171203$lBLL01$h1023
=STA  \\$aSUPPRESSED$bunable to determine reason for suppression
=TCO  \\$aTRS$bCCC$c008
=LAS  \\$aW1711-1225$b00$c20171203$lBLL01$h1023

