=LDR  00990 as a22003017a 4500
=001  013359223
=003  Uk
=005  20051213121631.0
=006  m\\\\\\\\d\|\\\\\\
=007  c\||||||||||||
=008  051213c20029999xxkuu\\\s\\\\\0\\\a0eng\\
=FMT  \\$a  SE
=040  \\$aUk$beng$cUk
=245  00$aSmart packaging journal$h[electronic resource]
=260  \\$aCambridge :$bIDTechEX Ltd,$c2002-.
=336  \\$atext$2rdacontent
=337  \\$acomputer$2rdamedia
=516  \\$aPDF format
=538  \\$aMode of access: Internet
=856  \\$ahttp://www.idtechex.com/documents/en/spj.asp?documentid=27
=945  \\$aSmart packaging journal -electronic edition-
=979  \\$aBritish Library$cDSC$j8310.193605N
=CAT  \\$a5270$b40$c20051213$lBLL01$h1216
=CAT  \\$aWR12_168$c20121206$lBLL01$h1816
=CAT  \\$aW1711-1225$c20171203$lBLL01$h1023
=STA  \\$aSUPPRESSED$bunable to determine reason for suppression
=TCO  \\$aCLA$bCLA$c008
=LAS  \\$aW1711-1225$b00$c20171203$lBLL01$h1023

