=LDR  01006 as a22003137a 4500
=001  013367851
=003  Uk
=005  20051222134923.0
=006  m\\\\\\\\d\|\\\\\\
=007  c\||||||||||||
=008  051222c20009999sz\mr\\\s\\\\\0\\\a0eng\\
=FMT  \\$a  SE
=022  \\$a1424-4721
=040  \\$aUk$beng$cUk
=245  00$aProtein spotlight -ELECTRONIC EDITION-$h[electronic resource]
=260  \\$aGenève :$bInstitut suisse de bioinformatique,$c2000.
=336  \\$atext$2rdacontent
=337  \\$acomputer$2rdamedia
=516  \\$aPDF format
=538  \\$aMode of access: Internet
=856  \\$ahttp://www.expasy.ch/spotlight/
=945  \\$aProtein spotlight
=979  \\$aBritish Library$cDSC$j6936.109500N
=CAT  \\$a6810$b40$c20051222$lBLL01$h1349
=CAT  \\$aWR12_168$c20121206$lBLL01$h1816
=CAT  \\$aW1711-1225$c20171203$lBLL01$h1023
=STA  \\$aSUPPRESSED$bunable to determine reason for suppression
=TCO  \\$aCHE$bPRO LITTERIS$c008
=LAS  \\$aW1711-1225$b00$c20171203$lBLL01$h1023

