=LDR  01213 as a22003377a 4500
=001  013373863
=003  Uk
=005  20201127180841.0
=006  m\\\\\\\\d\|\\\\\\
=007  c\||||||||||||
=008  060109c20009999gw\uu\\\s\\\\\0\\\u0eng\\
=FMT  \\$a  SE
=022  \\$a1615-0252
=040  \\$aUk$beng$cUk
=245  00$aBanking and information technology$h[electronic resource]
=336  \\$atext$2rdacontent
=337  \\$acomputer$2rdamedia
=516  \\$aPDF format
=538  \\$aMode of access: Internet
=856  \\$ahttp://pc50461.uni-regensburg.de/ibi/de/homepages/bit
=883  0\$aLanguage codes assigned by Bayesian analysis of words present in record$d20201028$qUk$c0.9010
=945  \\$aBanking and information technology -ELECTRONIC EDITION-
=979  \\$aBritish Library$cDSC$j1861.925720N
=985  \\$aUpgraded by BSS-generated file for WR2011-1472
=CAT  \\$a6810$b40$c20060109$lBLL01$h1426
=CAT  \\$aWR12_168$c20121206$lBLL01$h1817
=CAT  \\$aW1711-1225$c20171203$lBLL01$h1023
=CAT  \\$aW2011-1472$b00$c20201127$lBLL01$h1808
=STA  \\$aSUPPRESSED$bunable to determine reason for suppression
=TCO  \\$aDEU$bVG WORT$c008
=LAS  \\$aW2011-1472$b00$c20201127$lBLL01$h1808

