=LDR  00967 as a22003017a 4500
=001  013379222
=003  Uk
=005  20120810095743.0
=006  m\\\\\\\\d\|\\\\\\
=007  c\||||||||||||
=008  060116c20019999xxuuu\\\s\\\\\0\\\a0eng\\
=FMT  \\$a  SE
=040  \\$aUk$beng$cUk
=245  00$aE sources$h[electronic resource]
=260  \\$aChicago :$bGMR Library of the Health Sciences,$c2001-.
=336  \\$atext$2rdacontent
=337  \\$acomputer$2rdamedia
=516  \\$aPDF format
=538  \\$aMode of access: Internet
=856  \\$ahttp://www.nnlm.gov/gmr/newsletter
=945  \\$aE sources -chicago- electronic edition-
=979  \\$aBritish Library$cDSC$j3638.645550N
=CAT  \\$a5270$b40$c20060116$lBLL01$h1401
=CAT  \\$a8456$b40$c20120810$lBLL01$h0957
=CAT  \\$aW1711-1225$c20171203$lBLL01$h1023
=STA  \\$aSUPPRESSED$bunable to determine reason for suppression
=TCO  \\$aTRS$bCCC$c008
=LAS  \\$aW1711-1225$b00$c20171203$lBLL01$h1023

