=LDR  01064cas a22003137a 4500
=001  013383115
=003  Uk
=005  20230622170833.0
=006  m\\\\\\\\d\|\\\\\\
=007  cr||||||||||||
=008  060120c20009999enk\\\\\s\\\\\0\\\a0eng\\
=FMT  \\$a  SE
=040  \\$aUk$beng$cUk
=245  00$aVirtual journal of biological physics research$h[electronic resource]
=260  \\$aCollege Park :$bAmerican Physical Society,$c2000-.
=336  \\$atext$2rdacontent
=337  \\$acomputer$2rdamedia
=516  \\$aPDF format
=538  \\$aMode of access: Internet
=856  \\$ahttp://www.vjbio.org
=945  \\$aVirtual journal of biological physics research -electronic edition-
=979  \\$aBritish Library$cDSC$j9240.725175N
=CAT  \\$a5270$b40$c20060120$lBLL01$h1000
=CAT  \\$aWR12_168$c20121206$lBLL01$h1817
=CAT  \\$aW1711-1225$c20171203$lBLL01$h1023
=CAT  \\$aW2306-1299$c20230622$lBLL01$h1710
=STA  \\$aSUPPRESSED$bunable to determine reason for suppression
=TCO  \\$aCLA$bCLA$c008
=LAS  \\$aW2306-1299$b00$c20230622$lBLL01$h1710

