=LDR  01892 as a2200517 a 4500
=001  013388395
=003  Uk
=005  20111010092445.0
=006  m\\\\\\\\d\|\\\\\\
=007  cr||||||||||||
=008  060126d199u200uenkwr\p\s\\\\\0\\\a0eng\\
=FMT  \\$a  SE
=015  \\$aGBA667390$2bnb
=040  \\$aUk$beng$cUk$dUk
=042  \\$aukblsr
=082  04$a338.436318$222
=245  00$aFertilizer index$h[electronic resource] :$bindex prices for the week beginning ... /$cFMB, FERTECON, FertilizerWeek.
=246  1\$iAlso known as:$aFertilizer week index
=260  \\$a[Tunbridge Wells?] :$b[FERTECON Ltd?]
=336  \\$atext$2rdacontent
=337  \\$acomputer$2rdamedia
=338  \\$aonline resource$2rdacarrier
=538  \\$aMode of access: email in PDF format.
=500  \\$aPublished in association with: FMB, FertilizerWeek, and CRU Publishing.
=500  \\$aTitle from caption.
=520  \\$a"Price information for the settlement of fertilizer financial swaps" - web site.
=500  \\$aDescription based on: 1 Dec. 2005 issue.
=650  \0$aFertilizers$xPrices$vPeriodicals.
=710  2\$aFertecon.
=710  2\$aFMB-Group Ltd.
=740  0\$aFertilizerWeek.
=856  40$ahttp://www.fertilizer-index.com/$zTo subscribe
=CAT  \\$a7750$b40$c20060126$lBLL01$h1428
=CAT  \\$a7750$b40$c20060126$lBLL01$h1429
=CAT  \\$a3072$b40$c20060727$lBLL01$h1656
=CAT  \\$a3072$b40$c20060802$lBLL01$h1348
=CAT  \\$a3072$b40$c20060802$lBLL01$h1609
=CAT  \\$a7332$b40$c20061107$lBLL01$h1610
=CAT  \\$a7332$b40$c20070921$lBLL01$h1535
=CAT  \\$a7332$b40$c20071105$lBLL01$h0830
=CAT  \\$a8201$b40$c20111010$lBLL01$h0924
=CAT  \\$aW1711-1225$c20171203$lBLL01$h1023
=FIN  \\$aY$d20060802
=STA  \\$aSUPPRESSED$bunable to determine reason for suppression
=TCO  \\$aCLA$bCLA$c008
=LAS  \\$aW1711-1225$b00$c20171203$lBLL01$h1023

