=LDR  01080 as a22003137a 4500
=001  013390798
=003  Uk
=005  20060131140126.0
=006  m\\\\\\\\d\|\\\\\\
=007  c\||||||||||||
=008  060131c20049999si\fr\\\s\\\\\0\\\a0mul\\
=FMT  \\$a  SE
=022  \\$a0219-9874
=040  \\$aUk$beng$cUk
=245  00$aElectronic journal of foreign language teaching$h[electronic resource]
=260  \\$aSingapore :$bNational University of Singapore, Centre for Language Studies,$c2004-.
=336  \\$atext$2rdacontent
=337  \\$acomputer$2rdamedia
=516  \\$aPDF format
=538  \\$aMode of access: Internet
=856  \\$ahttp://e-fit.nus.edu.sg
=945  \\$aElectronic journal of foreign language teaching -electronic edition-
=979  \\$aBritish Library$cDSC$j3702.575601N
=CAT  \\$a5270$b40$c20060131$lBLL01$h1401
=CAT  \\$aWR12_168$c20121206$lBLL01$h1817
=CAT  \\$aW1711-1225$c20171203$lBLL01$h1023
=STA  \\$aSUPPRESSED$bunable to determine reason for suppression
=TCO  \\$aSGP$bCLASS$c008
=LAS  \\$aW1711-1225$b00$c20171203$lBLL01$h1023

