=LDR  01043 as a22003137a 4500
=001  013396888
=003  Uk
=005  20060207160152.0
=006  m\\\\\\\\d\|\\\\\\
=007  c\||||||||||||
=008  060207c19999999ne\uu\\\s\\\\\0\\\a0eng\\
=FMT  \\$a  SE
=022  \\$a1562-479x
=040  \\$aUk$beng$cUk
=245  04$aThe IFRF combustion journal$h[electronic resource]
=260  \\$aIjmuiden :$bInternational Flame Research Foundation,$c1999.
=336  \\$atext$2rdacontent
=337  \\$acomputer$2rdamedia
=516  \\$aPDF format
=538  \\$aMode of access: Internet
=856  \\$ahttp://www.journal.ifrf.net/index2.html
=945  \\$aIFRF combustion journal -ELECTRONIC EDITION-
=979  \\$aBritish Library$cDSC$j4363.338400N
=CAT  \\$a6810$b40$c20060207$lBLL01$h1601
=CAT  \\$aWR12_168$c20121206$lBLL01$h1817
=CAT  \\$aW1711-1225$c20171203$lBLL01$h1023
=STA  \\$aSUPPRESSED$bunable to determine reason for suppression
=TCO  \\$aNLD$bSTICHTING REPRORECHT$c008
=LAS  \\$aW1711-1225$b00$c20171203$lBLL01$h1023

