=LDR  01020 as a22003137a 4500
=001  013404913
=003  Uk
=005  20060216091758.0
=006  m\\\\\\\\d\|\\\\\\
=007  c\||||||||||||
=008  060216c20019999xxufr\\\s\\\\\0\\\a0eng\\
=FMT  \\$a  SE
=022  \\$a1558-6456
=040  \\$aUk$beng$cUk
=245  00$aXchanges$h[electronic resource]
=260  \\$aDetroit :$bWayne State University, English Department,$c2001.
=336  \\$atext$2rdacontent
=337  \\$acomputer$2rdamedia
=516  \\$aPDF format
=538  \\$aMode of access: Internet
=856  \\$ahttp://www.americanstudies.wayne.edu/xchanges/intro.html
=945  \\$aXchanges -DETROIT- ELECTRONIC EDITION-
=979  \\$aBritish Library$cDSC$j9367.013000N
=CAT  \\$a6810$b40$c20060216$lBLL01$h0917
=CAT  \\$aWR12_168$c20121206$lBLL01$h1817
=CAT  \\$aW1711-1225$c20171203$lBLL01$h1023
=STA  \\$aSUPPRESSED$bunable to determine reason for suppression
=TCO  \\$aTRS$bCCC$c008
=LAS  \\$aW1711-1225$b00$c20171203$lBLL01$h1023

