=LDR  01038 as a22003017a 4500
=001  013405810
=003  Uk
=005  20060217102806.0
=006  m\\\\\\\\d\|\\\\\\
=007  c\||||||||||||
=008  060217c20029999xxuqr\\\s\\\\\0\\\a0eng\\
=FMT  \\$a  SE
=040  \\$aUk$beng$cUk
=245  00$aJournal of park and recreation administration (online edition)$h[electronic resource]
=260  \\$aChampaign :$bSagamore Publishing,$c2002-.
=336  \\$atext$2rdacontent
=337  \\$acomputer$2rdamedia
=516  \\$aPDF format
=538  \\$aMode of access: Internet
=856  \\$ahttp://www.rpts.tamu.edu/Journals/jpra
=945  \\$aJournal of park and recreation administration -electronic edition-
=979  \\$aBritish Library$cDSC$j5029.145500N
=CAT  \\$a5270$b40$c20060217$lBLL01$h1028
=CAT  \\$aWR12_168$c20121206$lBLL01$h1817
=CAT  \\$aW1711-1225$c20171203$lBLL01$h1023
=STA  \\$aSUPPRESSED$bunable to determine reason for suppression
=TCO  \\$aTRS$bCCC$c008
=LAS  \\$aW1711-1225$b00$c20171203$lBLL01$h1023

