=LDR  01107 as a22003137a 4500
=001  013430911
=003  Uk
=005  20060321154019.0
=006  m\\\\\\\\d\|\\\\\\
=007  c\||||||||||||
=008  060321c20049999sp\ar\\\s\\\\\0\\\b0mul\\
=FMT  \\$a  SE
=022  \\$a1699-6410
=040  \\$aUk$beng$cUk
=245  00$aAnuario de psicología clínica y de la salud$h[electronic resource]
=260  \\$aSevilla :$bDepartamento de Personalidad, Evaluación y Tratamiento Psicológicos, Universidad de Sevilla,$c2004.
=336  \\$atext$2rdacontent
=337  \\$acomputer$2rdamedia
=516  \\$aPDF format
=538  \\$aMode of access: Internet
=856  \\$ahttp://www.us.es/apcs
=945  \\$aAnuario de psicologia clínica y de la salud -ELECTRONIC EDITION-
=979  \\$aBritish Library$cDSC$j1565.133000N
=CAT  \\$a6810$b40$c20060321$lBLL01$h1540
=CAT  \\$aWR12_168$c20121206$lBLL01$h1817
=CAT  \\$aW1711-1225$c20171203$lBLL01$h1023
=STA  \\$aSUPPRESSED$bunable to determine reason for suppression
=TCO  \\$aESP$bCEDRO$c008
=LAS  \\$aW1711-1225$b00$c20171203$lBLL01$h1023

