=LDR  00976 as a22003017a 4500
=001  013433779
=003  Uk
=005  20060323115914.0
=006  m\\\\\\\\d\|\\\\\\
=007  c\||||||||||||
=008  060323c19949999xxcbr\\\s\\\\\0\\\a0eng\\
=FMT  \\$a  SE
=040  \\$aUk$beng$cUk
=245  00$aTherapeutics letter$h[electronic resource]
=260  \\$aVancouver :$bTherapeutics Initiative,$c1994-.
=336  \\$atext$2rdacontent
=337  \\$acomputer$2rdamedia
=516  \\$aPDF format
=538  \\$aMode of access: Internet
=856  \\$ahttp://www.ti.ubc.ca/pages/letter.html
=945  \\$aTherapeutics letter -electronic edition-
=979  \\$aBritish Library$cDSC$j8814.678260N
=CAT  \\$a5270$b40$c20060323$lBLL01$h1159
=CAT  \\$aWR12_168$c20121206$lBLL01$h1817
=CAT  \\$aW1711-1225$c20171203$lBLL01$h1023
=STA  \\$aSUPPRESSED$bunable to determine reason for suppression
=TCO  \\$aCAN$bAccess$c008
=LAS  \\$aW1711-1225$b00$c20171203$lBLL01$h1023

