=LDR  01064 as a22003137a 4500
=001  013442102
=003  Uk
=005  20060404125941.0
=006  m\\\\\\\\d\|\\\\\\
=007  c\||||||||||||
=008  060404c20069999ja\qr\\\s\\\\\0\\\a0eng\\
=FMT  \\$a  SE
=040  \\$aUk$beng$cUk
=245  00$aTokai journal of experimental and clinical medicine$h[electronic resource]
=260  \\$aTokyo :$bTokai Medical Association,$c2006-.
=336  \\$atext$2rdacontent
=337  \\$acomputer$2rdamedia
=516  \\$aPDF format
=538  \\$aMode of access: Internet
=595  \\$aFormerly 8862.705000.
=856  \\$ahttp://mj.med.u-tokai.ac.jp
=945  \\$aTokai journal of experimental and clinical medicine -electronic edition-
=979  \\$aBritish Library$cDSC$j8862.705005N
=CAT  \\$a5270$b40$c20060404$lBLL01$h1259
=CAT  \\$aWR12_168$c20121206$lBLL01$h1836
=CAT  \\$aW1711-1225$c20171203$lBLL01$h1023
=STA  \\$aSUPPRESSED$bunable to determine reason for suppression
=TCO  \\$aJPN$bJAACC$c008
=LAS  \\$aW1711-1225$b00$c20171203$lBLL01$h1023

