=LDR  01000 as a22003137a 4500
=001  013453355
=003  Uk
=005  20060424142249.0
=006  m\\\\\\\\d\|\\\\\\
=007  c\||||||||||||
=008  060424c20039999xxusr\\\s\\\\\0\\\a0eng\\
=FMT  \\$a  SE
=022  \\$a1555-7596
=040  \\$aUk$beng$cUk
=245  00$aDivergencias$h[electronic resource]
=260  \\$aTucson :$bDepartment of Spanish and Portuguese,$c2003-.
=336  \\$atext$2rdacontent
=337  \\$acomputer$2rdamedia
=516  \\$aPDF format
=538  \\$aMode of access: Internet
=856  \\$ahttp://coh.arizona.edu/spanish/divergencias
=945  \\$aDivergencias -electronic edition-
=979  \\$aBritish Library$cDSC$j3604.270550N
=CAT  \\$a5270$b40$c20060424$lBLL01$h1422
=CAT  \\$aWR12_168$c20121206$lBLL01$h1817
=CAT  \\$aW1711-1225$c20171203$lBLL01$h1023
=STA  \\$aSUPPRESSED$bunable to determine reason for suppression
=TCO  \\$aTRS$bCCC$c008
=LAS  \\$aW1711-1225$b00$c20171203$lBLL01$h1023

