=LDR  01098 as a22003257a 4500
=001  013456543
=003  Uk
=005  20060426143046.0
=006  m\\\\\\\\d\|\\\\\\
=007  c\||||||||||||
=008  060426c20049999xxubr\\\s\\\\\0\\\a0eng\\
=FMT  \\$a  SE
=022  \\$a1547-3317
=040  \\$aUk$beng$cUk
=245  00$aJournal of the American Animal Hospital Association (Online)$h[electronic resource]
=260  \\$aLakewood :$bAmerican Animal Hospital Association,$c2004-.
=336  \\$atext$2rdacontent
=337  \\$acomputer$2rdamedia
=516  \\$aPDF format
=538  \\$aMode of access: Internet
=595  \\$aformerly 4683.790000.
=856  \\$ahttp://www.jaaha.org
=945  \\$aJournal- American Animal Hospital Association -electronic edition-
=979  \\$aBritish Library$cDSC$j4683.790500N
=CAT  \\$a5270$b40$c20060426$lBLL01$h1430
=CAT  \\$aWR12_168$c20121206$lBLL01$h1836
=CAT  \\$aW1711-1225$c20171203$lBLL01$h1023
=STA  \\$aSUPPRESSED$bunable to determine reason for suppression
=TCO  \\$aTRS$bCCC$c008
=LAS  \\$aW1711-1225$b00$c20171203$lBLL01$h1023

