=LDR  01983 as a2200529 a 4500
=001  013477395
=003  Uk
=005  20070704072631.0
=006  m\\\\\\\\d\|\\\\\\
=007  cr||||||||||||
=008  060525c20039999enkuu\p\s\\\\\0\\\a0eng\\
=FMT  \\$a  SE
=015  \\$aGBA740437$2bnb
=040  \\$aUk$beng$cUk
=042  \\$aukblsr
=082  04$a006.3$222
=245  00$aCognitive systems$h[electronic resource] :$bnewsletter of the Foresight Cognitive Systems Project.
=246  13$aForesight cognitive systems
=246  13$aCognitive systems project newsletter
=260  \\$aLondon :$b[DTI], Foresight Directorate,$c2003-
=336  \\$atext$2rdacontent
=337  \\$acomputer$2rdamedia
=338  \\$aonline resource$2rdacarrier
=362  0\$aIssue 1-
=538  \\$aMode of access: World Wide Web.
=538  \\$aSystem requirements: Adobe Acrobat Reader.
=500  \\$aTitle from PDF caption (publisher's web site, viewed on 24 May 2007).
=610  20$aForesight Cogitive Systems Project$vPeriodicals.
=650  \0$aCognitive science$vPeriodicals.
=650  \0$aNeural networks (Computer science)$vPeriodicals.
=650  \0$aNeural networks (Neurobiology)$vPeriodicals.
=710  2\$aForesight (Program)
=710  2\$aForesight Cognitive Systems Project.
=856  4\$ahttp://www.foresight.gov.uk/Top_Toolbar/A-Z/Index.htm$zFollow links to resource
=CAT  \\$a7750$b40$c20060525$lBLL01$h1030
=CAT  \\$a7750$b40$c20060525$lBLL01$h1031
=CAT  \\$a3072$b40$c20070524$lBLL01$h1721
=CAT  \\$a3072$b40$c20070524$lBLL01$h1724
=CAT  \\$a7332$b40$c20070703$lBLL01$h1205
=CAT  \\$a7332$b40$c20070704$lBLL01$h0726
=CAT  \\$aWR14_140$c20140905$lBLL01$h1812
=CAT  \\$aBATCH-UPD$b00$c20140906$lBLL01$h0643
=CAT  \\$aW1711-1225$c20171203$lBLL01$h1024
=FIN  \\$aY$d20070524
=STA  \\$aSUPPRESSED$bunable to determine reason for suppression
=TCO  \\$aCLA$bCLA$c008
=LAS  \\$aW1711-1225$b00$c20171203$lBLL01$h1024

