=LDR  01061 as a22003137a 4500
=001  013499213
=003  Uk
=005  20060627142926.0
=006  m\\\\\\\\d\|\\\\\\
=007  c\||||||||||||
=008  060627c19989999xxuar\\\s\\\\\0\\\a0eng\\
=FMT  \\$a  SE
=022  \\$a1548-6036
=040  \\$aUk$beng$cUk
=245  00$aPlanning & markets[electronic resource]$h[electronic resource]
=260  \\$aLos Angeles :$bSchool of Policy , Planning, and Development, University of Southern California,$c1998.
=336  \\$atext$2rdacontent
=337  \\$acomputer$2rdamedia
=516  \\$aPDF format
=538  \\$aMode of access: Internet
=856  \\$ahttp://www-pam.usc.edu
=945  \\$aPlanning and markets -ELECTRONIC EDITION-
=979  \\$aBritish Library$cDSC$j6509.026400N
=CAT  \\$a6810$b40$c20060627$lBLL01$h1429
=CAT  \\$aWR12_168$c20121206$lBLL01$h1817
=CAT  \\$aW1711-1225$c20171203$lBLL01$h1024
=STA  \\$aSUPPRESSED$bunable to determine reason for suppression
=TCO  \\$aTRS$bCCC$c008
=LAS  \\$aW1711-1225$b00$c20171203$lBLL01$h1024

