=LDR  01107 as a22003137a 4500
=001  013499222
=003  Uk
=005  20060627143325.0
=006  m\\\\\\\\d\|\\\\\\
=007  c\||||||||||||
=008  060627c20019999xxufr\\\s\\\\\0\\\a0eng\\
=FMT  \\$a  SE
=022  \\$a1554-8112
=040  \\$aUk$beng$cUk
=245  04$aThe North American journal of Welsh studies(Online)$h[electronic resource]
=260  \\$aFlint :$bNorth American Association for the Study of Welsh Culture and History,$c2001.
=336  \\$atext$2rdacontent
=337  \\$acomputer$2rdamedia
=516  \\$aPDF format
=538  \\$aMode of access: Internet
=856  \\$ahttp://spruce.flint.umich.edu/%7Eellisjs/journal.html
=945  \\$aNorth American journal of Welsh studies -ELECTRONIC EDITION-
=979  \\$aBritish Library$cDSC$j6148.169500N
=CAT  \\$a6810$b40$c20060627$lBLL01$h1433
=CAT  \\$aWR12_168$c20121206$lBLL01$h1817
=CAT  \\$aW1711-1225$c20171203$lBLL01$h1024
=STA  \\$aSUPPRESSED$bunable to determine reason for suppression
=TCO  \\$aTRS$bCCC$c008
=LAS  \\$aW1711-1225$b00$c20171203$lBLL01$h1024

