=LDR  00987 as a22003137a 4500
=001  013499231
=003  Uk
=005  20060627143807.0
=006  m\\\\\\\\d\|\\\\\\
=007  c\||||||||||||
=008  060627c19uu9999xxuuu\\\s\\\\\0\\\a0eng\\
=FMT  \\$a  SE
=022  \\$a1535-1025
=040  \\$aUk$beng$cUk
=245  00$aPlant Health Progress$h[electronic resource]
=260  \\$bPlant Management Network.
=336  \\$atext$2rdacontent
=337  \\$acomputer$2rdamedia
=516  \\$aPDF format
=538  \\$aMode of access: Internet
=856  \\$ahttp://www.plantmanagementnetwork.org/php/
=945  \\$aPlant health progress -ELECTRONIC EDITION-
=979  \\$aBritish Library$cDSC$j6517.874000N
=CAT  \\$a6810$b40$c20060627$lBLL01$h1438
=CAT  \\$aWR12_168$c20121206$lBLL01$h1817
=CAT  \\$aW1711-1225$c20171203$lBLL01$h1024
=STA  \\$aSUPPRESSED$bunable to determine reason for suppression
=TCO  \\$aTRS$bCCC$c008
=LAS  \\$aW1711-1225$b00$c20171203$lBLL01$h1024

