=LDR  01341 as a2200397 a 4500
=001  013501226
=003  Uk
=005  20060913143909.0
=006  m\\\\\\\\d\|\\\\\\
=007  cr||||||||||||
=008  060628c200u9999enkdr\p\s\\\\\0\\\a0eng\\
=FMT  \\$a  SE
=015  \\$aGBA679397$2bnb
=040  \\$aUk$beng$cUk
=042  \\$aukblsr
=082  04$a332.6322$222
=245  00$aInternational equity index daily hotline$h[electronic resource] /$cInvestors Intelligence.
=260  \\$aLondon :$bStockcube Research Ltd.
=336  \\$atext$2rdacontent
=337  \\$acomputer$2rdamedia
=338  \\$aonline resource$2rdacarrier
=538  \\$aMode of access: email in HTML format.
=500  \\$aTitle from caption.
=500  \\$aDescription based on: 28 June 2006 issue.
=650  \0$aStock price indexes$vPeriodicals.
=710  2\$aInvestors Intelligence, Inc.
=856  40$ahttp://www.investorsintelligence.com$zTo subscribe
=CAT  \\$a10902$b40$c20060628$lBLL01$h1406
=CAT  \\$a10902$b40$c20060628$lBLL01$h1407
=CAT  \\$a3072$b40$c20060913$lBLL01$h1439
=CAT  \\$aWR14_140$c20140905$lBLL01$h1812
=CAT  \\$aW1711-1225$c20171203$lBLL01$h1024
=FIN  \\$aY$d20060913
=STA  \\$aSUPPRESSED$bunable to determine reason for suppression
=TCO  \\$aCLA$bCLA$c008
=LAS  \\$aW1711-1225$b00$c20171203$lBLL01$h1024

