=LDR  01037 as a22003137a 4500
=001  013502111
=003  Uk
=005  20060629123103.0
=006  m\\\\\\\\d\|\\\\\\
=007  c\||||||||||||
=008  060629c20059999as\uu\\\s\\\\\0\\\a0eng\\
=FMT  \\$a  SE
=022  \\$a1833-0681
=040  \\$aUk$beng$cUk
=245  00$aInternational journal of event management research$h[electronic resource]
=260  \\$aBrisbane :$bUniversity of Queensland,$c2005.
=336  \\$atext$2rdacontent
=337  \\$acomputer$2rdamedia
=516  \\$aPDF format
=538  \\$aMode of access: Internet
=856  \\$ahttp://www.ijemr.org
=945  \\$aInternational journal of event management research -ELECTRONIC EDITION-
=979  \\$aBritish Library$cDSC$j4542.244650N
=CAT  \\$a6810$b40$c20060629$lBLL01$h1231
=CAT  \\$aWR12_168$c20121206$lBLL01$h1817
=CAT  \\$aW1711-1225$c20171203$lBLL01$h1024
=STA  \\$aSUPPRESSED$bunable to determine reason for suppression
=TCO  \\$aXXX$c008
=LAS  \\$aW1711-1225$b00$c20171203$lBLL01$h1024

