=LDR  00940 as a22003137a 4500
=001  013535849
=003  Uk
=005  20060822100540.0
=006  m\\\\\\\\d\|\\\\\\
=007  c\||||||||||||
=008  060822c20019999xxuqr\\\s\\\\\0\\\a0eng\\
=FMT  \\$a  SE
=022  \\$a1496-9548
=040  \\$aUk$beng$cUk
=245  00$aTEFL Web Journal$h[electronic resource]
=260  \\$c2001-.
=336  \\$atext$2rdacontent
=337  \\$acomputer$2rdamedia
=516  \\$aPDF format
=538  \\$aMode of access: Internet
=856  \\$ahttp://www.teflweb-j.org
=945  \\$aTEFL Web Journal -electronic edition-
=979  \\$aBritish Library$cDSC$j8763.105000N
=CAT  \\$a5270$b40$c20060822$lBLL01$h1005
=CAT  \\$aWR12_168$c20121206$lBLL01$h1817
=CAT  \\$aW1711-1225$c20171203$lBLL01$h1024
=STA  \\$aSUPPRESSED$bunable to determine reason for suppression
=TCO  \\$aTRS$bCCC$c008
=LAS  \\$aW1711-1225$b00$c20171203$lBLL01$h1024

