=LDR  01559 as a2200457 a 4500
=001  013538260
=003  Uk
=005  20081212162703.0
=006  m\\\\\\\\d\|\\\\\\
=007  cr||||||||||||
=008  060823d200u2006enkuu\p\s\\\\\0\\\a0eng\\
=FMT  \\$a  SE
=015  \\$aGBA679562$2bnb
=040  \\$aUk$beng$cUk
=042  \\$aukblsr
=082  04$a332.6328$222
=245  00$aCommodities breadth explained$h[electronic resource] /$cInvestors Intelligence.
=260  \\$aLondon :$bStockcube Research Ltd
=336  \\$atext$2rdacontent
=337  \\$acomputer$2rdamedia
=338  \\$aonline resource$2rdacarrier
=538  \\$aMode of access: email in HTML format.
=500  \\$aTitle from caption.
=500  \\$aDescription based on: 1st Aug. 2006 issue.
=650  \0$aCommodity exchanges
=650  \0$aStock price indexes$vPeriodicals.
=650  \0$aCommodity futures$vPeriodicals.
=650  \0$aInvestment analysis$vPeriodicals.
=710  2\$aInvestors Intelligence, Inc.
=856  40$ahttp://www.investorsintelligence.com$zTo subscribe
=CAT  \\$a10902$b40$c20060823$lBLL01$h0939
=CAT  \\$a3072$b40$c20060915$lBLL01$h1234
=CAT  \\$a3072$b40$c20060915$lBLL01$h1239
=CAT  \\$a3072$b40$c20060915$lBLL01$h1242
=CAT  \\$a8201$b40$c20081212$lBLL01$h1627
=CAT  \\$aWR14_140$c20140905$lBLL01$h1812
=CAT  \\$aW1711-1225$c20171203$lBLL01$h1024
=FIN  \\$aY$d20060915
=STA  \\$aSUPPRESSED$bunable to determine reason for suppression
=TCO  \\$aCLA$bCLA$c008
=LAS  \\$aW1711-1225$b00$c20171203$lBLL01$h1024

