=LDR  01940 am a2200505 a 4500
=001  013553584
=003  Uk
=005  20061016105507.0
=006  m\\\\|\\\d\|\\\\\\
=007  cr||||||||||||
=008  060913s2006\\\\enk\\\\\s\\\\\000\0\eng\\
=FMT  \\$a  BK
=015  \\$aGBA687036$2bnb
=020  \\$a0753020297 :$cNo price
=040  \\$aUk$beng$cUk
=042  \\$aukblsr
=082  04$a331.2596$222
=100  1\$aBryson, Alex.
=245  10$aUnions, within-workplace job cuts and job security guarantees$h[electronic resource] /$cAlex Bryson and Michael White.
=260  \\$aLondon :$bCentre for Economic Performance, London School of Economics and Political Science,$cc2006.
=336  \\$atext$2rdacontent
=337  \\$acomputer$2rdamedia
=338  \\$aonline resource$2rdacarrier
=490  1\$aCEP discussion paper ;$vno. 733
=500  \\$aTitle from PDF file (viewed on 16 Oct., 2006).
=530  \\$aAlso available in print.
=538  \\$aSystem requirements: Adobe Acrobat Reader.
=538  \\$aMode of access: World Wide Web.
=500  \\$a"August 2006."
=504  \\$aIncludes bibliographical references.
=650  \0$aLabor unions.
=650  \0$aLabor turnover.
=650  \0$aJob security.
=700  1\$aWhite, Michael Reginald Maurice,$d1938-
=710  2\$aLondon School of Economics and Political Science.$bCentre for Economic Performance.
=710  2\$aLeverhulme Trust.
=830  \0$aDiscussion paper (London School of Economics and Political Science. Centre for Economic Performance : Online) ;$vno. 733.
=856  40$ahttp://cep.lse.ac.uk/pubs/download/dp0733.pdf
=CAT  \\$a7750$b40$c20060913$lBLL01$h1148
=CAT  \\$a7750$b40$c20060913$lBLL01$h1149
=CAT  \\$a7332$b40$c20061016$lBLL01$h1055
=CAT  \\$aW1711-1225$c20171203$lBLL01$h1024
=FIN  \\$aY$d20061016
=STA  \\$aSUPPRESSED$bunable to determine reason for suppression
=LAS  \\$aW1711-1225$b00$c20171203$lBLL01$h1024

