=LDR  01965 am a2200505 a 4500
=001  013553605
=003  Uk
=005  20061016110942.0
=006  m\\\\|\\\d\|\\\\\\
=007  cr||||||||||||
=008  060913s2004\\\\enk\\\\\s\\\\\000\0\eng\\
=FMT  \\$a  BK
=015  \\$aGBA687042$2bnb
=020  \\$a0753017679 :$cNo price
=040  \\$aUk$beng$cUk
=042  \\$aukblsr
=082  04$a330.91732$222
=100  1\$aSoo, Kwok Tong.
=245  10$aZipf's law for cities$h[electronic resource] :$ba cross country investigation /$cKwok Tong Soo.
=260  \\$aLondon :$bCentre for Economic Performance, London School of Economics and Political Science,$cc2004.
=336  \\$atext$2rdacontent
=337  \\$acomputer$2rdamedia
=338  \\$aonline resource$2rdacarrier
=490  1\$aCEP discussion paper ;$vno. 641
=500  \\$aTitle from PDF file (viewed on 16 Oct., 2006).
=530  \\$aAlso available in print.
=538  \\$aSystem requirements: Adobe Acrobat Reader.
=538  \\$aMode of access: World Wide Web.
=500  \\$a"July 2004."
=504  \\$aIncludes bibliographical references.
=650  \0$aUrban economics$xMathematical models.
=650  \0$aEconomic geography$xMathematical models.
=650  \0$aZipf's law.
=650  \0$aCities and towns$xGrowth.
=710  2\$aLondon School of Economics and Political Science.$bCentre for Economic Performance.
=830  \0$aDiscussion paper (London School of Economics and Political Science. Centre for Economic Performance : Online) ;$vno. 641.
=856  40$ahttp://cep.lse.ac.uk/pubs/download/dp0641.pdf
=CAT  \\$a6524$b40$c20060913$lBLL01$h1158
=CAT  \\$a6524$b40$c20060913$lBLL01$h1159
=CAT  \\$a6524$b40$c20060915$lBLL01$h1036
=CAT  \\$a7332$b40$c20061016$lBLL01$h1109
=CAT  \\$aW1711-1225$c20171203$lBLL01$h1024
=FIN  \\$aY$d20061016
=STA  \\$aSUPPRESSED$bunable to determine reason for suppression
=LAS  \\$aW1711-1225$b00$c20171203$lBLL01$h1024

