=LDR  02063 am a2200529 a 4500
=001  013553622
=003  Uk
=005  20061016114830.0
=006  m\\\\|\\\d\|\\\\\\
=007  cr||||||||||||
=008  060913s2006\\\\enk\\\\\s\\\\\000\0\eng\\
=FMT  \\$a  BK
=015  \\$aGBA687047$2bnb
=020  \\$a0753020270 :$cNo price
=040  \\$aUk$beng$cUk
=042  \\$aukblsr
=082  04$a331.0941$222
=100  1\$aBryson, Alex.
=245  10$aWhat voice do British workers want?$h[electronic resource] /$cAlex Bryson and Richard Freeman.
=260  \\$aLondon :$bCentre for Economic Performance, London School of Economics and Political Science,$cc2006.
=336  \\$atext$2rdacontent
=337  \\$acomputer$2rdamedia
=338  \\$aonline resource$2rdacarrier
=490  1\$aCEP discussion paper ;$vno. 731
=500  \\$aTitle from PDF file (viewed on 16 Oct., 2006).
=530  \\$aAlso available in print.
=538  \\$aSystem requirements: Adobe Acrobat Reader.
=538  \\$aMode of access: World Wide Web.
=500  \\$a"July 2006."
=504  \\$aIncludes bibliographical references.
=650  \0$aEmployees$zGreat Britain.
=650  \0$aLabor unions$zGreat Britain.
=650  \0$aIndustrial relations$zGreat Britain.
=700  1\$aFreeman, Richard B.$q(Richard Barry),$d1943-
=710  2\$aLondon School of Economics and Political Science.$bCentre for Economic Performance.
=710  2\$aLeverhulme Trust.
=830  \0$aDiscussion paper (London School of Economics and Political Science. Centre for Economic Performance : Online) ;$vno. 731.
=856  40$ahttp://cep.lse.ac.uk/pubs/download/dp0731.pdf
=CAT  \\$a7750$b40$c20060913$lBLL01$h1212
=CAT  \\$a7750$b40$c20060913$lBLL01$h1214
=CAT  \\$a7750$b40$c20060913$lBLL01$h1215
=CAT  \\$a7332$b40$c20061016$lBLL01$h1027
=CAT  \\$a7332$b40$c20061016$lBLL01$h1148
=CAT  \\$aW1711-1225$c20171203$lBLL01$h1024
=FIN  \\$aY$d20061016
=STA  \\$aSUPPRESSED$bunable to determine reason for suppression
=LAS  \\$aW1711-1225$b00$c20171203$lBLL01$h1024

