=LDR  01961 am a2200493 a 4500
=001  013553661
=003  Uk
=005  20061016134623.0
=006  m\\\\|\\\d\|\\\\\\
=007  cr||||||||||||
=008  060913s2006\\\\enk\\\\\s\\\\\000\0\eng\\
=FMT  \\$a  BK
=015  \\$aGBA687060$2bnb
=020  \\$a0753020254 :$cNo price
=040  \\$aUk$beng$cUk
=042  \\$aukblsr
=082  04$a378.106$222
=100  10$aLach, Saul.
=245  14$aThe impact of royalty sharing incentives on technology licensing in universities$h[electronic resource] /$cSaul Lach and Mark Schankerman.
=260  \\$aLondon :$bCentre for Economic Performance, London School of Economics and Political Science,$cc2006.
=336  \\$atext$2rdacontent
=337  \\$acomputer$2rdamedia
=338  \\$aonline resource$2rdacarrier
=490  1\$aCEP discussion paper ;$vno. 729
=500  \\$aTitle from PDF file (viewed on 16 Oct., 2006).
=530  \\$aAlso available in print.
=538  \\$aSystem requirements: Adobe Acrobat Reader.
=538  \\$aMode of access: World Wide Web.
=500  \\$a"June 2006."
=504  \\$aIncludes bibliographical references.
=650  \0$aUniversities and colleges$xBusiness management.
=650  \0$aLicense agreements.
=700  1\$aSchankerman, Mark.
=710  2\$aLondon School of Economics and Political Science.$bCentre for Economic Performance.
=830  \0$aDiscussion paper (London School of Economics and Political Science. Centre for Economic Performance : Online) ;$vno. 729.
=856  40$ahttp://cep.lse.ac.uk/pubs/download/dp0729.pdf
=CAT  \\$a7750$b40$c20060913$lBLL01$h1327
=CAT  \\$a7750$b40$c20060913$lBLL01$h1328
=CAT  \\$a7332$b40$c20061016$lBLL01$h1346
=CAT  \\$aBATCH-UPD$b40$c20150509$lBLL01$h1838
=CAT  \\$aW1711-1225$c20171203$lBLL01$h1024
=FIN  \\$aY$d20061016
=STA  \\$aSUPPRESSED$bunable to determine reason for suppression
=LAS  \\$aW1711-1225$b00$c20171203$lBLL01$h1024

