=LDR  01992 am a2200505 a 4500
=001  013553698
=003  Uk
=005  20061016142333.0
=006  m\\\\|\\\d\|\\\\\\
=007  cr||||||||||||
=008  060913s2006\\\\enk\\\\\s\\\\\000\0\eng\\
=FMT  \\$a  BK
=015  \\$aGBA687069$2bnb
=020  \\$a075302022X :$cNo price
=040  \\$aUk$beng$cUk
=042  \\$aukblsr
=082  04$a330.071$222
=100  1\$aCrespi, Gustavo.
=245  10$aProductivity, exporting and the learning-by-exporting hypothesis$h[electronic resource] :$bdirect evidence from UK firms /$cGustavo Crespi, Chiara Criscuolo and Jonathan Haskel.
=260  \\$aLondon :$bCentre for Economic Performance, London School of Economics and Political Science,$cc2006.
=336  \\$atext$2rdacontent
=337  \\$acomputer$2rdamedia
=338  \\$aonline resource$2rdacarrier
=490  1\$aCEP discussion paper ;$vno. 726
=500  \\$aTitle from PDF file (viewed on 16 Oct., 2006).
=530  \\$aAlso available in print.
=538  \\$aSystem requirements: Adobe Acrobat Reader.
=538  \\$aMode of access: World Wide Web.
=500  \\$a"May 2006."
=504  \\$aIncludes bibliographical references.
=650  \0$aExports.
=650  \0$aIndustrial productivity.
=650  \0$aOrganizational learning.
=700  1\$aCriscuolo, Chiara.
=700  1\$aHaskel, Jonathan.
=710  2\$aLondon School of Economics and Political Science.$bCentre for Economic Performance.
=830  \0$aDiscussion paper (London School of Economics and Political Science. Centre for Economic Performance : Online) ;$vno. 726.
=856  40$ahttp://cep.lse.ac.uk/pubs/download/dp0726.pdf
=CAT  \\$a7750$b40$c20060913$lBLL01$h1357
=CAT  \\$a7750$b40$c20060913$lBLL01$h1359
=CAT  \\$a7332$b40$c20061016$lBLL01$h1423
=CAT  \\$aW1711-1225$c20171203$lBLL01$h1024
=FIN  \\$aY$d20061016
=STA  \\$aSUPPRESSED$bunable to determine reason for suppression
=LAS  \\$aW1711-1225$b00$c20171203$lBLL01$h1024

