=LDR  02002 am a2200505 a 4500
=001  013553744
=003  Uk
=005  20070222153609.0
=006  m\\\\|\\\d\|\\\\\\
=007  cr||||||||||||
=008  060913s2006\\\\enk\\\\\s\\\\\000\0\eng\\
=FMT  \\$a  BK
=015  \\$aGBA687091$2bnb
=020  \\$a0753019477 :$cNo price
=040  \\$aUk$beng$cUk
=042  \\$aukblsr
=082  04$a303.4833$222
=100  1\$aBelenzon, Sharon.
=245  10$aKnowledge flow and sequential innovation$h[electronic resource] :$bimplications for technology diffusion, R&D and Market value /$cSharon Belenzon.
=260  \\$aLondon :$bCentre for Economic Performance, London School of Economics and Political Science,$cc2006.
=336  \\$atext$2rdacontent
=337  \\$acomputer$2rdamedia
=338  \\$aonline resource$2rdacarrier
=490  1\$aCEP discussion paper ;$vno. 721
=500  \\$aTitle from PDF file (viewed on 16 Oct., 2006).
=530  \\$aAlso available in print.
=538  \\$aSystem requirements: Adobe Acrobat Reader.
=538  \\$aMode of access: World Wide Web.
=500  \\$a"May 2006."
=504  \\$aIncludes bibliographical references.
=650  \0$aKnowledge management.
=650  \0$aResearch, Industrial.
=650  \0$aDiffusion of innovations.
=710  2\$aLondon School of Economics and Political Science.$bCentre for Economic Performance.
=830  \0$aDiscussion paper (London School of Economics and Political Science. Centre for Economic Performance : Online) ;$vno. 721.
=856  40$ahttp://cep.lse.ac.uk/pubs/download/dp0721.pdf
=CAT  \\$a7750$b40$c20060913$lBLL01$h1422
=CAT  \\$a7750$b40$c20060913$lBLL01$h1424
=CAT  \\$a7332$b40$c20061016$lBLL01$h1443
=CAT  \\$a7332$b40$c20061016$lBLL01$h1600
=CAT  \\$a11279$b40$c20070222$lBLL01$h1536
=CAT  \\$aW1711-1225$c20171203$lBLL01$h1024
=FIN  \\$aY$d20061016
=STA  \\$aSUPPRESSED$bunable to determine reason for suppression
=LAS  \\$aW1711-1225$b00$c20171203$lBLL01$h1024

