=LDR  01795 am a2200469 a 4500
=001  013553774
=003  Uk
=005  20061017072745.0
=006  m\\\\|\\\d\|\\\\\\
=007  cr||||||||||||
=008  060913s2006\\\\enk\\\\\s\\\\\000\0\eng\\
=FMT  \\$a  BK
=015  \\$aGBA687301$2bnb
=020  \\$a0753019450 :$cNo price
=040  \\$aUk$beng$cUk
=042  \\$aukblsr
=082  04$a658.11$222
=100  1\$aOssa, Ralph.
=245  12$aA gold rush theory of economic development$h[electronic resource] /$cRalph Ossa.
=260  \\$aLondon :$bCentre for Economic Performance, London School of Economics and Political Science,$cc2006.
=336  \\$atext$2rdacontent
=337  \\$acomputer$2rdamedia
=338  \\$aonline resource$2rdacarrier
=490  1\$aCEP discussion paper ;$vno. 719
=500  \\$aTitle from PDF file (viewed on 17 Oct., 2006).
=530  \\$aAlso available in print.
=538  \\$aSystem requirements: Adobe Acrobat Reader.
=538  \\$aMode of access: World Wide Web.
=500  \\$a"March 2006."
=504  \\$aIncludes bibliographical references.
=650  \0$aSuccess in business.
=650  \0$aNew business enterprises.
=710  2\$aLondon School of Economics and Political Science.$bCentre for Economic Performance.
=830  \0$aDiscussion paper (London School of Economics and Political Science. Centre for Economic Performance : Online) ;$vno. 719.
=856  40$ahttp://cep.lse.ac.uk/pubs/download/dp0719.pdf
=CAT  \\$a7750$b40$c20060913$lBLL01$h1438
=CAT  \\$a7750$b40$c20060913$lBLL01$h1441
=CAT  \\$a7332$b40$c20061017$lBLL01$h0727
=CAT  \\$aW1711-1225$c20171203$lBLL01$h1024
=FIN  \\$aY$d20061017
=STA  \\$aSUPPRESSED$bunable to determine reason for suppression
=LAS  \\$aW1711-1225$b00$c20171203$lBLL01$h1024

