=LDR  02026 am a2200517 a 4500
=001  013553820
=003  Uk
=005  20061027104240.0
=006  m\\\\|\\\d\|\\\\\\
=007  cr||||||||||||
=008  060913s2006\\\\enk\\\\\s\\\\\000\0\eng\\
=FMT  \\$a  BK
=015  \\$aGBA687302$2bnb
=020  \\$a0753019442 :$cNo price
=040  \\$aUk$beng$cUk
=042  \\$aukblsr
=082  04$a330.0112$222
=100  1\$aBloom, Nick,$d1973-
=245  14$aThe impact of uncertainty shocks$h[electronic resource] :$bfirm level estimation and a 9/11 simulation /$cNick Broom.
=260  \\$aLondon :$bCentre for Economic Performance, London School of Economics and Political Science,$cc2006.
=336  \\$atext$2rdacontent
=337  \\$acomputer$2rdamedia
=338  \\$aonline resource$2rdacarrier
=490  1\$aCEP discussion paper ;$vno. 718
=500  \\$aTitle from PDF file (viewed on 17 Oct., 2006).
=530  \\$aAlso available in print.
=538  \\$aSystem requirements: Adobe Acrobat Reader.
=538  \\$aMode of access: World Wide Web.
=500  \\$a"March 2006."
=504  \\$aIncludes bibliographical references.
=650  \0$aCrisis management.
=650  \0$aBusiness planning.
=650  \0$aBusiness$xEffect of terrorism on.
=650  \0$aDisasters$xEconometric models.
=710  2\$aLondon School of Economics and Political Science.$bCentre for Economic Performance.
=830  \0$aDiscussion paper (London School of Economics and Political Science. Centre for Economic Performance : Online) ;$vno. 718.
=856  40$ahttp://cep.lse.ac.uk/pubs/download/dp0718.pdf
=CAT  \\$a7750$b40$c20060913$lBLL01$h1519
=CAT  \\$a7750$b40$c20060913$lBLL01$h1520
=CAT  \\$a7332$b40$c20061017$lBLL01$h0820
=CAT  \\$a7332$b40$c20061017$lBLL01$h0824
=CAT  \\$a11249$b40$c20061027$lBLL01$h1042
=CAT  \\$aW1711-1225$c20171203$lBLL01$h1024
=FIN  \\$aY$d20061017
=STA  \\$aSUPPRESSED$bunable to determine reason for suppression
=LAS  \\$aW1711-1225$b00$c20171203$lBLL01$h1024

