=LDR  01893 am a2200493 a 4500
=001  013554127
=003  Uk
=005  20061027104905.0
=006  m\\\\|\\\d\|\\\\\\
=007  cr||||||||||||
=008  060914s2006\\\\enk\\\\\s\\\\\000\0\eng\\
=FMT  \\$a  BK
=015  \\$aGBA687342$2bnb
=020  \\$a0753019124 :$cNo price
=040  \\$aUk$beng$cUk
=042  \\$aukblsr
=082  04$a331.88$222
=100  1\$aBryson, Alex.
=245  10$aUnion free-riding in Britain and New Zealand$h[electronic resource] /$cAlex Bryson.
=260  \\$aLondon :$bCentre for Economic Performance, London School of Economics and Political Science,$cc2006.
=336  \\$atext$2rdacontent
=337  \\$acomputer$2rdamedia
=338  \\$aonline resource$2rdacarrier
=490  1\$aCEP discussion paper ;$vno. 713
=500  \\$aTitle from PDF file (viewed on 17 Oct., 2006).
=530  \\$aAlso available in print.
=538  \\$aSystem requirements: Adobe Acrobat Reader.
=538  \\$aMode of access: World Wide Web.
=500  \\$a"January 2006."
=504  \\$aIncludes bibliographical references.
=650  \0$aLabor unions$zGreat Britain.
=650  \0$aLabor unions$zNew Zealand.
=710  2\$aLondon School of Economics and Political Science.$bCentre for Economic Performance.
=710  2\$aLeverhulme Trust.
=830  \0$aDiscussion paper (London School of Economics and Political Science. Centre for Economic Performance : Online) ;$vno. 713.
=856  40$ahttp://cep.lse.ac.uk/pubs/download/dp0713.pdf
=CAT  \\$a7750$b40$c20060914$lBLL01$h0916
=CAT  \\$a7332$b40$c20061016$lBLL01$h1027
=CAT  \\$a7332$b40$c20061017$lBLL01$h1135
=CAT  \\$a11249$b40$c20061027$lBLL01$h1049
=CAT  \\$aW1711-1225$c20171203$lBLL01$h1024
=FIN  \\$aY$d20061017
=STA  \\$aSUPPRESSED$bunable to determine reason for suppression
=LAS  \\$aW1711-1225$b00$c20171203$lBLL01$h1024

