=LDR  02076 am a2200505 a 4500
=001  013554133
=003  Uk
=005  20061017134335.0
=006  m\\\\|\\\d\|\\\\\\
=007  cr||||||||||||
=008  060914s2005\\\\enk\\\\\s\\\\\000\0\eng\\
=FMT  \\$a  BK
=015  \\$aGBA687368$2bnb
=020  \\$a0753019116 :$cNo price
=040  \\$aUk$beng$cUk
=042  \\$aukblsr
=082  04$a331.11$222
=100  1\$aManacorda, Marco.
=245  10$aChanges in returns to education in Latin America$h[electronic resource] :$bthe role of demand and supply of skills /$cMarco Manacorda, Carolina Sanchez-Paramo and Norbert Schady.
=260  \\$aLondon :$bCentre for Economic Performance, London School of Economics and Political Science,$cc2005.
=336  \\$atext$2rdacontent
=337  \\$acomputer$2rdamedia
=338  \\$aonline resource$2rdacarrier
=490  1\$aCEP discussion paper ;$vno. 712
=500  \\$aTitle from PDF file (viewed on 17 Oct., 2006).
=530  \\$aAlso available in print.
=538  \\$aSystem requirements: Adobe Acrobat Reader.
=538  \\$aMode of access: World Wide Web.
=500  \\$a"December 2005."
=504  \\$aIncludes bibliographical references.
=650  \0$aAdult education$zLatin America.
=650  \0$aSkilled labor$xSupply and demand$zLatin America.
=650  \0$aLabor supply$zLatin America.
=700  1\$aSánchez-Páramo, Carolina.
=700  1\$aSchady, Norbert Rüdiger,$d1967-
=710  2\$aLondon School of Economics and Political Science.$bCentre for Economic Performance.
=830  \0$aDiscussion paper (London School of Economics and Political Science. Centre for Economic Performance : Online) ;$vno. 712.
=856  40$ahttp://cep.lse.ac.uk/pubs/download/dp0712.pdf
=CAT  \\$a7750$b40$c20060914$lBLL01$h0923
=CAT  \\$a7750$b40$c20060914$lBLL01$h0924
=CAT  \\$a7332$b40$c20061017$lBLL01$h1343
=CAT  \\$aW1711-1225$c20171203$lBLL01$h1024
=FIN  \\$aY$d20061017
=STA  \\$aSUPPRESSED$bunable to determine reason for suppression
=LAS  \\$aW1711-1225$b00$c20171203$lBLL01$h1024

