=LDR  02017 am a2200505 a 4500
=001  013554146
=003  Uk
=005  20061017135742.0
=006  m\\\\|\\\d\|\\\\\\
=007  cr||||||||||||
=008  060914s2004\\\\enk\\\\\s\\\\\000\0\eng\\
=FMT  \\$a  BK
=015  \\$aGBA687376$2bnb
=020  \\$a0753017598 :$cNo price
=040  \\$aUk$beng$cUk
=042  \\$aukblsr
=082  04$a338.7$222
=100  1\$aSchivardi, Fabiano.
=245  10$aThreshold effects and firm size$h[electronic resource] :$bthe case of firing costs /$cFabiano Schivardi and Roberto Torrini.
=260  \\$aLondon :$bCentre for Economic Performance, London School of Economics and Political Science,$cc2004.
=336  \\$atext$2rdacontent
=337  \\$acomputer$2rdamedia
=338  \\$aonline resource$2rdacarrier
=490  1\$aCEP discussion paper ;$vno. 633
=500  \\$aTitle from PDF file (viewed on 17 Oct., 2006).
=530  \\$aAlso available in print.
=538  \\$aSystem requirements: Adobe Acrobat Reader.
=538  \\$aMode of access: World Wide Web.
=500  \\$a"May 2004."
=504  \\$aIncludes bibliographical references.
=650  \0$aBusiness enterprises$xSize$xMathematical models.
=650  \0$aEmployees$xDismissal of$xCosts$xMathematical models.
=650  \0$aIndustrial organization.
=650  \0$aLabor laws and legislation.
=700  1\$aTorrini, Roberto.
=710  2\$aLondon School of Economics and Political Science.$bCentre for Economic Performance.
=830  \0$aDiscussion paper (London School of Economics and Political Science. Centre for Economic Performance : Online) ;$vno. 633.
=856  40$ahttp://cep.lse.ac.uk/pubs/download/dp0633.pdf
=CAT  \\$a6524$b40$c20060914$lBLL01$h0944
=CAT  \\$a6524$b40$c20060915$lBLL01$h1029
=CAT  \\$a7332$b40$c20061017$lBLL01$h1357
=CAT  \\$aW1711-1225$c20171203$lBLL01$h1024
=FIN  \\$aY$d20061017
=STA  \\$aSUPPRESSED$bunable to determine reason for suppression
=LAS  \\$aW1711-1225$b00$c20171203$lBLL01$h1024

