=LDR  01946 am a2200481 a 4500
=001  013554153
=003  Uk
=005  20061018080607.0
=006  m\\\\|\\\d\|\\\\\\
=007  cr||||||||||||
=008  060914s2005\\\\enk\\\\\s\\\\\000\0\eng\\
=FMT  \\$a  BK
=015  \\$aGBA688772$2bnb
=020  \\$a0753019043 :$cNo price
=040  \\$aUk$beng$cUk
=042  \\$aukblsr
=082  04$a338.01$222
=100  1\$aWalker, Richard$q(Richard E.)
=245  10$aSuperstars and renaissance men$h[electronic resource] :$bspecialization, market size and the income distribution /$cRichard Walker.
=260  \\$aLondon :$bCentre for Economic Performance, London School of Economics and Political Science,$cc2005.
=336  \\$atext$2rdacontent
=337  \\$acomputer$2rdamedia
=338  \\$aonline resource$2rdacarrier
=490  1\$aCEP discussion paper ;$vno. 707
=500  \\$aTitle from PDF file (viewed on 18 Oct., 2006).
=530  \\$aAlso available in print.
=538  \\$aSystem requirements: Adobe Acrobat Reader.
=538  \\$aMode of access: World Wide Web.
=500  \\$a"November 2005."
=504  \\$aIncludes bibliographical references.
=650  \0$aSupply and demand$xEconometric models.
=650  \0$aIncome distribution$zUnited States$xEconometric models.
=650  \0$aMacroeconomics.
=710  2\$aLondon School of Economics and Political Science.$bCentre for Economic Performance.
=830  \0$aDiscussion paper (London School of Economics and Political Science. Centre for Economic Performance : Online) ;$vno. 707.
=856  40$ahttp://cep.lse.ac.uk/pubs/download/dp0707.pdf
=CAT  \\$a7750$b40$c20060914$lBLL01$h1001
=CAT  \\$a7750$b40$c20060914$lBLL01$h1002
=CAT  \\$a7332$b40$c20061018$lBLL01$h0806
=CAT  \\$aW1711-1225$c20171203$lBLL01$h1024
=FIN  \\$aY$d20061018
=STA  \\$aSUPPRESSED$bunable to determine reason for suppression
=LAS  \\$aW1711-1225$b00$c20171203$lBLL01$h1024

