=LDR  01914 am a2200481 a 4500
=001  013554199
=003  Uk
=005  20061026133526.0
=006  m\\\\|\\\d\|\\\\\\
=007  cr||||||||||||
=008  060914s2005\\\\enk\\\\\s\\\\\000\0\eng\\
=FMT  \\$a  BK
=015  \\$aGBA691122$2bnb
=020  \\$a0753019027 :$cNo price
=040  \\$aUk$beng$cUk
=042  \\$aukblsr
=082  04$a331.89$222
=100  1\$aCharlwood, Andy.
=245  14$aThe de-collectivisation of pay setting in Britain 1990 - 1998$h[electronic resource] :$bincidence, determinants and impact /$cAndy Charlwood.
=260  \\$aLondon :$bCentre for Economic Performance, London School of Economics and Political Science,$cc2005.
=336  \\$atext$2rdacontent
=337  \\$acomputer$2rdamedia
=338  \\$aonline resource$2rdacarrier
=490  1\$aCEP discussion paper ;$vno. 705
=500  \\$aTitle from PDF file (viewed on 26 Oct., 2006).
=530  \\$aAlso available in print.
=538  \\$aSystem requirements: Adobe Acrobat Reader.
=538  \\$aMode of access: World Wide Web.
=500  \\$a"October 2005."
=650  \0$aCollective bargaining$zGreat Britain.
=650  \0$aWage bargaining$zGreat Britain.
=710  2\$aLondon School of Economics and Political Science.$bCentre for Economic Performance.
=710  2\$aLeverhulme Trust.
=830  \0$aDiscussion paper (London School of Economics and Political Science. Centre for Economic Performance : Online) ;$vno. 705.
=856  40$ahttp://cep.lse.ac.uk/pubs/download/dp0705.pdf
=CAT  \\$a7750$b40$c20060914$lBLL01$h1049
=CAT  \\$a7750$b40$c20060914$lBLL01$h1050
=CAT  \\$a7332$b40$c20061026$lBLL01$h1330
=CAT  \\$a7332$b40$c20061026$lBLL01$h1335
=CAT  \\$aW1711-1225$c20171203$lBLL01$h1024
=FIN  \\$aY$d20061026
=STA  \\$aSUPPRESSED$bunable to determine reason for suppression
=LAS  \\$aW1711-1225$b00$c20171203$lBLL01$h1024

