=LDR  02053 am a2200505 a 4500
=001  013554268
=003  Uk
=005  20061026112058.0
=006  m\\\\|\\\d\|\\\\\\
=007  cr||||||||||||
=008  060914s2004\\\\enk\\\\\s\\\\\000\0\eng\\
=FMT  \\$a  BK
=015  \\$aGBA691118$2bnb
=020  \\$a0753017903 :$cNo price
=040  \\$aUk$beng$cUk
=042  \\$aukblsr
=082  04$a331.88113711$222
=100  10$aMarsden, David,$d1950-
=245  10$aUnions, performance-related pay and procedural justice$h[electronic resource] :$bthe case of classroom teachers /$cDavid Marsden and Richard Belfield.
=260  \\$aLondon :$bCentre for Economic Performance, London School of Economics and Political Science,$cc2004.
=336  \\$atext$2rdacontent
=337  \\$acomputer$2rdamedia
=338  \\$aonline resource$2rdacarrier
=490  1\$aCEP discussion paper ;$vno. 660
=500  \\$aTitle from PDF file (viewed on 26 Oct., 2006).
=530  \\$aAlso available in print.
=538  \\$aSystem requirements: Adobe Acrobat Reader.
=538  \\$aMode of access: World Wide Web.
=500  \\$a"November 2004."
=650  \0$aTeachers' unions$zGreat Britain.
=650  \0$aTeachers$xRating of$zGreat Britain.
=650  \0$aTeachers$xSalaries, etc.$zGreat Britain.
=700  1\$aBelfield, Richard,$d1975-
=710  2\$aLondon School of Economics and Political Science.$bCentre for Economic Performance.
=830  \0$aDiscussion paper (London School of Economics and Political Science. Centre for Economic Performance : Online) ;$vno. 660.
=856  40$ahttp://cep.lse.ac.uk/pubs/download/dp0660.pdf
=CAT  \\$a6524$b40$c20060914$lBLL01$h1129
=CAT  \\$a6524$b40$c20060915$lBLL01$h1032
=CAT  \\$a7332$b40$c20061024$lBLL01$h0814
=CAT  \\$a7332$b40$c20061026$lBLL01$h1120
=CAT  \\$aBATCH-UPD$b40$c20150509$lBLL01$h1837
=CAT  \\$aW1711-1225$c20171203$lBLL01$h1024
=FIN  \\$aY$d20061026
=STA  \\$aSUPPRESSED$bunable to determine reason for suppression
=LAS  \\$aW1711-1225$b00$c20171203$lBLL01$h1024

