=LDR  01858 am a2200469 a 4500
=001  013554284
=003  Uk
=005  20061026135142.0
=006  m\\\\|\\\d\|\\\\\\
=007  cr||||||||||||
=008  060914s2005\\\\enk\\\\\s\\\\\000\0\eng\\
=FMT  \\$a  BK
=015  \\$aGBA691154$2bnb
=020  \\$a0753019019 :$cNo price
=040  \\$aUk$beng$cUk
=042  \\$aukblsr
=082  04$a339.5$222
=100  1\$aElsby, Michael W. L.
=245  10$aEvaluating the economic significance of downward nominal wage rigidity$h[electronic resource] /$cMichael W.L. Elsby.
=260  \\$aLondon :$bCentre for Economic Performance, London School of Economics and Political Science,$cc2005.
=336  \\$atext$2rdacontent
=337  \\$acomputer$2rdamedia
=338  \\$aonline resource$2rdacarrier
=490  1\$aCEP discussion paper ;$vno. 704
=500  \\$aTitle from PDF file (viewed on 26 Oct., 2006).
=530  \\$aAlso available in print.
=538  \\$aSystem requirements: Adobe Acrobat Reader.
=538  \\$aMode of access: World Wide Web.
=500  \\$a"August 2005."
=650  \0$aWage-price policy$xEconometric models.
=650  \0$aWage bargaining$zGreat Britain.
=650  \0$aWage bargaining$zUnited States.
=710  2\$aLondon School of Economics and Political Science.$bCentre for Economic Performance.
=830  \0$aDiscussion paper (London School of Economics and Political Science. Centre for Economic Performance : Online) ;$vno. 704.
=856  40$ahttp://cep.lse.ac.uk/pubs/download/dp0704.pdf
=CAT  \\$a7750$b40$c20060914$lBLL01$h1140
=CAT  \\$a7750$b40$c20060914$lBLL01$h1141
=CAT  \\$a7332$b40$c20061026$lBLL01$h1351
=CAT  \\$aW1711-1225$c20171203$lBLL01$h1024
=FIN  \\$aY$d20061026
=STA  \\$aSUPPRESSED$bunable to determine reason for suppression
=LAS  \\$aW1711-1225$b00$c20171203$lBLL01$h1024

