=LDR  02179 am a2200541 a 4500
=001  013554304
=003  Uk
=005  20061023160322.0
=006  m\\\\|\\\d\|\\\\\\
=007  cr||||||||||||
=008  060914s2005\\\\enk\\\\\s\\\\\000\0\eng\\
=FMT  \\$a  BK
=015  \\$aGBA689183$2bnb
=020  \\$a0753018837 :$cNo price
=040  \\$aUk$beng$cUk
=042  \\$aukblsr
=082  04$a331.2813711$222
=100  10$aMarsden, David,$d1950-
=245  10$aPerformance Pay for Teachers$h[electronic resource] :$blinking individual and organisational-level targets /$cDavid Marsden and Richard Belfield.
=260  \\$aLondon :$bCentre for Economic Performance, London School of Economics and Political Science,$cc2005.
=336  \\$atext$2rdacontent
=337  \\$acomputer$2rdamedia
=338  \\$aonline resource$2rdacarrier
=490  1\$aCEP discussion paper ;$vno. 703
=500  \\$aTitle from PDF file (viewed on 23 Oct., 2006).
=530  \\$aAlso issued in print format.
=538  \\$aSystem requirements: Adobe Acrobat Reader.
=538  \\$aMode of access: World Wide Web.
=500  \\$a"August 2005."
=504  \\$aIncludes bibliographical references.
=650  \0$aTeachers$xSalaries, etc.$zGreat Britain.
=650  \0$aMerit pay$zGreat Britain.
=650  \0$aTeacher effectiveness$zGreat Britain.
=700  1\$aBelfield, Richard,$d1975-
=710  2\$aLondon School of Economics and Political Science.$bCentre for Economic Performance.
=710  2\$aLeverhulme Trust.
=830  \0$aDiscussion paper (London School of Economics and Political Science. Centre for Economic Performance : Online) ;$vno. 703.
=856  40$ahttp://cep.lse.ac.uk/pubs/download/dp0703.pdf
=CAT  \\$a7750$b40$c20060914$lBLL01$h1149
=CAT  \\$a7750$b40$c20060914$lBLL01$h1150
=CAT  \\$a7750$b40$c20060914$lBLL01$h1155
=CAT  \\$a7750$b40$c20060914$lBLL01$h1157
=CAT  \\$a7332$b40$c20061023$lBLL01$h1603
=CAT  \\$aBATCH-UPD$b40$c20150509$lBLL01$h1837
=CAT  \\$aW1711-1225$c20171203$lBLL01$h1024
=FIN  \\$aY$d20061023
=STA  \\$aSUPPRESSED$bunable to determine reason for suppression
=LAS  \\$aW1711-1225$b00$c20171203$lBLL01$h1024

