=LDR  01891 am a2200481 a 4500
=001  013554339
=003  Uk
=005  20061023154622.0
=006  m\\\\|\\\d\|\\\\\\
=007  cr||||||||||||
=008  060914s2005\\\\enk\\\\\s\\\\\000\0\eng\\
=FMT  \\$a  BK
=015  \\$aGBA689175$2bnb
=020  \\$a0753018829 :$cNo price
=040  \\$aUk$beng$cUk
=042  \\$aukblsr
=082  04$a004.36$222
=100  1\$aVan Reenen, John.
=245  14$aThe growth of network computing$h[electronic resource] :$bquality adjusted price changes for network servers /$cJohn Van Reenen.
=260  \\$aLondon :$bCentre for Economic Performance, London School of Economics and Political Science,$cc2005.
=336  \\$atext$2rdacontent
=337  \\$acomputer$2rdamedia
=338  \\$aonline resource$2rdacarrier
=490  1\$aCEP discussion paper ;$vno. 702
=500  \\$aTitle from PDF file (viewed on 23 Oct., 2006).
=530  \\$aAlso issued in print format.
=538  \\$aSystem requirements: Adobe Acrobat Reader.
=538  \\$aMode of access: World Wide Web.
=500  \\$a"July 2005."
=504  \\$aIncludes bibliographical references.
=650  \0$aClient/server computing$xCosts.
=650  \0$aPrices
=710  2\$aLondon School of Economics and Political Science.$bCentre for Economic Performance.
=830  \0$aDiscussion paper (London School of Economics and Political Science. Centre for Economic Performance : Online) ;$vno. 702.
=856  40$ahttp://cep.lse.ac.uk/pubs/download/dp0702.pdf
=CAT  \\$a7750$b40$c20060914$lBLL01$h1203
=CAT  \\$a7750$b40$c20060914$lBLL01$h1204
=CAT  \\$a7332$b40$c20061016$lBLL01$h0748
=CAT  \\$a7332$b40$c20061023$lBLL01$h1546
=CAT  \\$aW1711-1225$c20171203$lBLL01$h1024
=FIN  \\$aY$d20061023
=STA  \\$aSUPPRESSED$bunable to determine reason for suppression
=LAS  \\$aW1711-1225$b00$c20171203$lBLL01$h1024

