=LDR  01977 am a2200517 a 4500
=001  013554343
=003  Uk
=005  20111025165828.0
=006  m\\\\|\\\d\|\\\\\\
=007  cr||||||||||||
=008  060914s2004\\\\enk\\\\\s\\\\\000\0\eng\\
=FMT  \\$a  BK
=015  \\$aGBA689171$2bnb
=020  \\$a0753017857 :$cNo price
=040  \\$aUk$beng$cUk
=042  \\$aukblsr
=082  04$a331.62$222
=100  1\$aYashiv, Eran.
=245  14$aThe self selection of migrant workers revisited$h[electronic resource] /$cEran Yashiv.
=260  \\$aLondon :$bCentre for Economic Performance, London School of Economics and Political Science,$cc2004.
=336  \\$atext$2rdacontent
=337  \\$acomputer$2rdamedia
=338  \\$aonline resource$2rdacarrier
=490  1\$aCEP discussion paper ;$vno. 655
=500  \\$aTitle from PDF file (viewed on 23 Oct., 2006).
=530  \\$aAlso issued in print format.
=538  \\$aSystem requirements: Adobe Acrobat Reader.
=538  \\$aMode of access: World Wide Web.
=500  \\$a"October 2004."
=504  \\$aIncludes bibliographical references.
=650  \0$aForeign workers.
=650  \0$aMigrant labor.
=650  \0$aLabor market.
=710  2\$aLondon School of Economics and Political Science.$bCentre for Economic Performance.
=830  \0$aDiscussion paper (London School of Economics and Political Science. Centre for Economic Performance : Online) ;$vno. 655.
=856  40$ahttp://cep.lse.ac.uk/pubs/download/dp0655.pdf
=CAT  \\$a6524$b40$c20060914$lBLL01$h1205
=CAT  \\$a6524$b40$c20060915$lBLL01$h1027
=CAT  \\$a7332$b40$c20061023$lBLL01$h1414
=CAT  \\$a9572$b40$c20111025$lBLL01$h1658
=CAT  \\$aBATCH-UPD$b40$c20150509$lBLL01$h1838
=CAT  \\$aBATCH-UPD$b40$c20170325$lBLL01$h1720
=CAT  \\$aW1711-1225$c20171203$lBLL01$h1024
=FIN  \\$aY$d20061023
=STA  \\$aSUPPRESSED$bunable to determine reason for suppression
=LAS  \\$aW1711-1225$b00$c20171203$lBLL01$h1024

