=LDR  02001 as a2200553 a 4500
=001  013554351
=003  Uk
=005  20100602154619.0
=006  m\\\\\\\\d\|\\\\\\
=007  cr||||||||||||
=008  060914d199u200uwlkuu\p\s\\\\\0\\\a0eng\\
=FMT  \\$a  SE
=015  \\$aGBA679485$2bnb
=040  \\$aUk$beng$cUk$dUk
=041  0\$aeng$awel
=042  \\$aukblsr
=082  04$a381.340942905$222
=130  0\$aE-newsletter (Welsh Consumer Council)
=245  10$aE-newsletter ...$h[electronic resource] /$cWelsh Consumer Council = E-lythyr mehefin ... / Cyngor Defnyddwyr Cymru.
=246  13$aNews from the Welsh Consumer Council
=246  1\$iAlso known as:$aWCC e-newsletter
=260  \\$aCardiff :$bWelsh Consumer Council
=336  \\$atext$2rdacontent
=337  \\$acomputer$2rdamedia
=338  \\$aonline resource$2rdacarrier
=538  \\$aMode of access: email in HTML format.
=546  \\$aInterface in English and Welsh.
=500  \\$aTitle from caption.
=500  \\$aDescription based on: 2nd ed. (June 2005).
=610  20$aWelsh Consumer Council$vPeriodicals.
=650  \0$aConsumer protection$zWales$vPeriodicals.
=710  2\$aWelsh Consumer Council.
=856  00$amailto:info@wales-consumer.org.uk$zTo subscribe
=CAT  \\$a3072$b40$c20060914$lBLL01$h1208
=CAT  \\$a3072$b40$c20060914$lBLL01$h1332
=CAT  \\$a3072$b40$c20070619$lBLL01$h1544
=CAT  \\$a3072$b40$c20070619$lBLL01$h1546
=CAT  \\$a3072$b40$c20070619$lBLL01$h1548
=CAT  \\$a3072$b40$c20070727$lBLL01$h1122
=CAT  \\$a3072$b40$c20070912$lBLL01$h1233
=CAT  \\$a7792$b40$c20100602$lBLL01$h1546
=CAT  \\$aBATCH-UPD$b40$c20101221$lBLL01$h0849
=CAT  \\$aBATCH-UPD$b40$c20101221$lBLL01$h0904
=CAT  \\$aWR14_140$c20140905$lBLL01$h1812
=CAT  \\$aW1711-1225$c20171203$lBLL01$h1024
=FIN  \\$aY$d20060914
=STA  \\$aSUPPRESSED$bunable to determine reason for suppression
=TCO  \\$aCLA$bCLA$c008
=LAS  \\$aW1711-1225$b00$c20171203$lBLL01$h1024

