=LDR  02170 am a2200541 a 4500
=001  013554359
=003  Uk
=005  20061023134340.0
=006  m\\\\|\\\d\|\\\\\\
=007  cr||||||||||||
=008  060914s2004\\\\enk\\\\\s\\\\\000\0\eng\\
=FMT  \\$a  BK
=015  \\$aGBA689167$2bnb
=020  \\$a0753017849 :$cNo price
=040  \\$aUk$beng$cUk
=042  \\$aukblsr
=082  04$a370.1130941$222
=100  10$aSteedman, Hilary.
=245  10$aDisengagement 14-16$h[electronic resource] :$bcontext and evidence /$cHilary Steedman and Sheila Stoney.
=260  \\$aLondon :$bCentre for Economic Performance, London School of Economics and Political Science,$cc2004.
=336  \\$atext$2rdacontent
=337  \\$acomputer$2rdamedia
=338  \\$aonline resource$2rdacarrier
=490  1\$aCEP discussion paper ;$vno. 654
=500  \\$aTitle from PDF file (viewed on 23 Oct., 2006).
=530  \\$aAlso issued in print format.
=538  \\$aSystem requirements: Adobe Acrobat Reader.
=538  \\$aMode of access: World Wide Web.
=500  \\$a"October 2004."
=504  \\$aIncludes bibliographical references.
=650  \0$aVocational education$zGreat Britain.
=650  \0$aMotivation in education$zGreat Britain.
=650  \0$aHigh school dropouts$zGreat Britain.
=650  \0$aLabor supply$xEffect of education on$zGreat Britain.
=700  1\$aStoney, Sheila M.
=710  2\$aLondon School of Economics and Political Science.$bCentre for Economic Performance.
=830  \0$aDiscussion paper (London School of Economics and Political Science. Centre for Economic Performance : Online) ;$vno. 654.
=856  40$ahttp://cep.lse.ac.uk/pubs/download/dp0654.pdf
=CAT  \\$a6524$b40$c20060914$lBLL01$h1212
=CAT  \\$a6524$b40$c20060914$lBLL01$h1213
=CAT  \\$a6524$b40$c20060915$lBLL01$h0910
=CAT  \\$a6524$b40$c20060915$lBLL01$h0929
=CAT  \\$a7332$b40$c20061023$lBLL01$h1343
=CAT  \\$aBATCH-UPD$b40$c20150509$lBLL01$h1837
=CAT  \\$aW1711-1225$c20171203$lBLL01$h1024
=FIN  \\$aY$d20061023
=STA  \\$aSUPPRESSED$bunable to determine reason for suppression
=LAS  \\$aW1711-1225$b00$c20171203$lBLL01$h1024

