=LDR  01831 am a2200469 a 4500
=001  013554362
=003  Uk
=005  20061023132755.0
=006  m\\\\|\\\d\|\\\\\\
=007  cr||||||||||||
=008  060914s2005\\\\enk\\\\\s\\\\\000\0\eng\\
=FMT  \\$a  BK
=015  \\$aGBA689160$2bnb
=020  \\$a0753018780 :$cNo price
=040  \\$aUk$beng$cUk
=042  \\$aukblsr
=082  04$a332.041$222
=100  1\$aOulton, Nicholas.
=245  10$aEx post versus ex ante measures of the user cost of capital$h[electronic resource] /$cNicholas Oulton.
=260  \\$aLondon :$bCentre for Economic Performance, London School of Economics and Political Science,$cc2005.
=336  \\$atext$2rdacontent
=337  \\$acomputer$2rdamedia
=338  \\$aonline resource$2rdacarrier
=490  1\$aCEP discussion paper ;$vno. 698
=500  \\$aTitle from PDF file (viewed on 23 Oct., 2006).
=530  \\$aAlso issued in print format.
=538  \\$aSystem requirements: Adobe Acrobat Reader.
=538  \\$aMode of access: World Wide Web.
=500  \\$a"July 2005."
=504  \\$aIncludes bibliographical references.
=650  \0$aCapital$xMathematical models.
=650  \0$aEconomic development.
=710  2\$aLondon School of Economics and Political Science.$bCentre for Economic Performance.
=830  \0$aDiscussion paper (London School of Economics and Political Science. Centre for Economic Performance : Online) ;$vno. 698.
=856  40$ahttp://cep.lse.ac.uk/pubs/download/dp0698.pdf
=CAT  \\$a7750$b40$c20060914$lBLL01$h1213
=CAT  \\$a7750$b40$c20060914$lBLL01$h1215
=CAT  \\$a7332$b40$c20061023$lBLL01$h1327
=CAT  \\$aW1711-1225$c20171203$lBLL01$h1024
=FIN  \\$aY$d20061023
=STA  \\$aSUPPRESSED$bunable to determine reason for suppression
=LAS  \\$aW1711-1225$b00$c20171203$lBLL01$h1024

