=LDR  02087 am a2200517 a 4500
=001  013554411
=003  Uk
=005  20061023100325.0
=006  m\\\\|\\\d\|\\\\\\
=007  cr||||||||||||
=008  060914s2004\\\\enk\\\\\s\\\\\000\0\eng\\
=FMT  \\$a  BK
=015  \\$aGBA689124$2bnb
=020  \\$a0753017830 :$cNo price
=040  \\$aUk$beng$cUk
=042  \\$aukblsr
=082  04$a338.06$222
=100  1\$aMartin, Ralf.
=245  10$aGlobalisation, ICT and the nitty gritty of plant level datasets$h[electronic resource] /$cRalf Martin.
=260  \\$aLondon :$bCentre for Economic Performance, London School of Economics and Political Science,$cc2004.
=336  \\$atext$2rdacontent
=337  \\$acomputer$2rdamedia
=338  \\$aonline resource$2rdacarrier
=490  1\$aCEP discussion paper ;$vno. 653
=500  \\$aTitle from PDF file (viewed on 23 Oct., 2006).
=530  \\$aAlso issued in print format.
=538  \\$aSystem requirements: Adobe Acrobat Reader.
=538  \\$aMode of access: World Wide Web.
=500  \\$a"September 2004."
=504  \\$aIncludes bibliographical references.
=650  \0$aIndustrial productivity$xStatistics$zGreat Britain.
=650  \0$aIndustrial statistics$zGreat Britain.
=650  \0$aInformation technology$xEconomic aspects$zGreat Britain.
=650  \0$aGlobalization$xEconomic aspects.
=710  2\$aLondon School of Economics and Political Science.$bCentre for Economic Performance.
=830  \0$aDiscussion paper (London School of Economics and Political Science. Centre for Economic Performance : Online) ;$vno. 653.
=856  40$ahttp://cep.lse.ac.uk/pubs/download/dp0653.pdf
=CAT  \\$a6524$b40$c20060914$lBLL01$h1307
=CAT  \\$a6524$b40$c20060914$lBLL01$h1308
=CAT  \\$a6524$b40$c20060915$lBLL01$h0922
=CAT  \\$a6524$b40$c20060915$lBLL01$h0927
=CAT  \\$a7332$b40$c20061023$lBLL01$h1003
=CAT  \\$aW1711-1225$c20171203$lBLL01$h1024
=FIN  \\$aY$d20061023
=STA  \\$aSUPPRESSED$bunable to determine reason for suppression
=LAS  \\$aW1711-1225$b00$c20171203$lBLL01$h1024

