=LDR  01922 am a2200481 a 4500
=001  013554483
=003  Uk
=005  20061023104719.0
=006  m\\\\|\\\d\|\\\\\\
=007  cr||||||||||||
=008  060914s2005\\\\enk\\\\\s\\\\\000\0\eng\\
=FMT  \\$a  BK
=015  \\$aGBA689127$2bnb
=020  \\$a075301873X :$cNo price
=040  \\$aUk$beng$cUk
=042  \\$aukblsr
=082  04$a331.23$222
=100  1\$aDickens, Richard.
=245  14$aThe employment effects of the October 2003 increase in the national minimum wage$h[electronic resource] /$cRichard Dickens and Mirko Draca.
=260  \\$aLondon :$bCentre for Economic Performance, London School of Economics and Political Science,$cc2005.
=336  \\$atext$2rdacontent
=337  \\$acomputer$2rdamedia
=338  \\$aonline resource$2rdacarrier
=490  1\$aCEP discussion paper ;$vno. 693
=500  \\$aTitle from PDF file (viewed on 23 Oct., 2006).
=530  \\$aAlso issued in print format.
=538  \\$aSystem requirements: Adobe Acrobat Reader.
=538  \\$aMode of access: World Wide Web.
=500  \\$a"June 2005."
=504  \\$aIncludes bibliographical references.
=650  \0$aMinimum wage$zGreat Britain.
=650  \0$aMinimum wage$zGreat Britain$vLongitudinal studies.
=650  \0$aEmployment (Economic theory)
=700  1\$aDraca, Mirko.
=710  2\$aLondon School of Economics and Political Science.$bCentre for Economic Performance.
=830  \0$aDiscussion paper (London School of Economics and Political Science. Centre for Economic Performance : Online) ;$vno. 693.
=856  40$ahttp://cep.lse.ac.uk/pubs/download/dp0693.pdf
=CAT  \\$a7750$b40$c20060914$lBLL01$h1354
=CAT  \\$a7332$b40$c20061023$lBLL01$h1047
=CAT  \\$aW1711-1225$c20171203$lBLL01$h1024
=FIN  \\$aY$d20061023
=STA  \\$aSUPPRESSED$bunable to determine reason for suppression
=LAS  \\$aW1711-1225$b00$c20171203$lBLL01$h1024

