=LDR  02188 am a2200541 a 4500
=001  013554488
=003  Uk
=005  20061023113032.0
=006  m\\\\|\\\d\|\\\\\\
=007  cr||||||||||||
=008  060914s2004\\\\enk\\\\\s\\\\\000\0\eng\\
=FMT  \\$a  BK
=015  \\$aGBA689134$2bnb
=020  \\$a0753017814 :$cNo price
=040  \\$aUk$beng$cUk
=042  \\$aukblsr
=082  04$a330.91732$222
=100  1\$aVenables, Anthony.
=245  10$aEvaluating urban transport improvements$h[electronic resource] :$bcost-benefit analysis in the presence of agglomeration and income taxation /$cAnthony J. Venables.
=260  \\$aLondon :$bCentre for Economic Performance, London School of Economics and Political Science,$cc2004.
=336  \\$atext$2rdacontent
=337  \\$acomputer$2rdamedia
=338  \\$aonline resource$2rdacarrier
=490  1\$aCEP discussion paper ;$vno. 651
=500  \\$aTitle from PDF file (viewed on 23 Oct., 2006).
=530  \\$aAlso issued in print format.
=538  \\$aSystem requirements: Adobe Acrobat Reader.
=538  \\$aMode of access: World Wide Web.
=500  \\$a"September 2004."
=504  \\$aIncludes bibliographical references.
=650  \0$aUrban economics$xMathematical models.
=650  \0$aUrban transportation$xMathematical models.
=650  \0$aIndustrial location.
=650  \0$aLabor productivity.
=650  \0$aIndustrial productivity.
=710  2\$aLondon School of Economics and Political Science.$bCentre for Economic Performance.
=830  \0$aDiscussion paper (London School of Economics and Political Science. Centre for Economic Performance : Online) ;$vno. 651.
=856  40$ahttp://cep.lse.ac.uk/pubs/download/dp0651.pdf
=CAT  \\$a6524$b40$c20060914$lBLL01$h1355
=CAT  \\$a6524$b40$c20060914$lBLL01$h1356
=CAT  \\$a6524$b40$c20060915$lBLL01$h0919
=CAT  \\$a6524$b40$c20060915$lBLL01$h0928
=CAT  \\$a7332$b40$c20061023$lBLL01$h1111
=CAT  \\$a7332$b40$c20061023$lBLL01$h1130
=CAT  \\$aW1711-1225$c20171203$lBLL01$h1024
=FIN  \\$aY$d20061023
=STA  \\$aSUPPRESSED$bunable to determine reason for suppression
=LAS  \\$aW1711-1225$b00$c20171203$lBLL01$h1024

