=LDR  02009 am a2200505 a 4500
=001  013554513
=003  Uk
=005  20061020084526.0
=006  m\\\\|\\\d\|\\\\\\
=007  cr||||||||||||
=008  060914s2004\\\\enk\\\\\s\\\\\000\0\eng\\
=FMT  \\$a  BK
=015  \\$aGBA688954$2bnb
=020  \\$a0753018039 :$cNo price
=040  \\$aUk$beng$cUk
=042  \\$aukblsr
=082  04$a338.06$222
=100  1\$aPissarides, Christopher A.
=245  10$aProductivity growth and employment$h[electronic resource] :$btheory and panel estimates /$cChristopher A. Pissarides and Giovanna Vallanti.
=260  \\$aLondon :$bCentre for Economic Performance, London School of Economics and Political Science,$cc2004.
=336  \\$atext$2rdacontent
=337  \\$acomputer$2rdamedia
=338  \\$aonline resource$2rdacarrier
=490  1\$aCEP discussion paper ;$vno. 663
=500  \\$aTitle from PDF file (viewed on 20 Oct., 2006).
=538  \\$aSystem requirements: Adobe Acrobat Reader.
=538  \\$aMode of access: World Wide Web.
=530  \\$aAlso available in print.
=500  \\$a"December 2004."
=504  \\$aIncludes bibliographical references.
=650  \0$aIndustrial productivity.
=650  \0$aEmployment$xEconometric models.
=650  \0$aWages$xEconometric models.
=650  \0$aInvestments$xEconometric models.
=700  1\$aVallanti, Giovanna.
=710  2\$aLondon School of Economics and Political Science.$bCentre for Economic Performance.
=830  \0$aDiscussion paper (London School of Economics and Political Science. Centre for Economic Performance : Online) ;$vno. 663.
=856  40$ahttp://cep.lse.ac.uk/pubs/download/dp0663.pdf
=CAT  \\$a6524$b40$c20060914$lBLL01$h1407
=CAT  \\$a6524$b40$c20060915$lBLL01$h1016
=CAT  \\$a7332$b40$c20061020$lBLL01$h0845
=CAT  \\$aW1711-1225$c20171203$lBLL01$h1024
=FIN  \\$aY$d20061020
=STA  \\$aSUPPRESSED$bunable to determine reason for suppression
=LAS  \\$aW1711-1225$b00$c20171203$lBLL01$h1024

