=LDR  01960 am a2200505 a 4500
=001  013554518
=003  Uk
=005  20061020100716.0
=006  m\\\\|\\\d\|\\\\\\
=007  cr||||||||||||
=008  060914s2005\\\\enk\\\\\s\\\\\000\0\eng\\
=FMT  \\$a  BK
=015  \\$aGBA688957$2bnb
=020  \\$a0753018713 :$cNo price
=040  \\$aUk$beng$cUk
=042  \\$aukblsr
=082  04$a306.38$222
=100  1\$aDe Coulon, Augustin,$d1967-
=245  10$aImmigrants at retirement$h[electronic resource] :$bstay/return or 'va-et-vient'?/$cAugustin de Coulon and François-Charles Wolff.
=260  \\$aLondon :$bCentre for Economic Performance, London School of Economics and Political Science,$cc2004.
=336  \\$atext$2rdacontent
=337  \\$acomputer$2rdamedia
=338  \\$aonline resource$2rdacarrier
=490  1\$aCEP discussion paper ;$vno. 691
=500  \\$aTitle from PDF file (viewed on 20 Oct., 2006).
=538  \\$aSystem requirements: Adobe Acrobat Reader.
=538  \\$aMode of access: World Wide Web.
=530  \\$aAlso available in print.
=500  \\$a"May 2005."
=504  \\$aIncludes bibliographical references.
=650  \0$aReturn migration.
=650  \0$aRetirement.
=650  \0$aFamilies.
=700  1\$aWolff, François-Charles.
=710  2\$aLondon School of Economics and Political Science.$bCentre for Economic Performance.
=830  \0$aDiscussion paper (London School of Economics and Political Science. Centre for Economic Performance : Online) ;$vno. 691.
=856  40$ahttp://cep.lse.ac.uk/pubs/download/dp0691.pdf
=CAT  \\$a7750$b40$c20060914$lBLL01$h1408
=CAT  \\$a7750$b40$c20060914$lBLL01$h1409
=CAT  \\$a7332$b40$c20061020$lBLL01$h1007
=CAT  \\$a11249$b40$c20110812$lBLL01$h1121
=CAT  \\$aW1711-1225$c20171203$lBLL01$h1024
=FIN  \\$aY$d20061020
=STA  \\$aSUPPRESSED$bunable to determine reason for suppression
=LAS  \\$aW1711-1225$b00$c20171203$lBLL01$h1024

