=LDR  01928 am a2200493 a 4500
=001  013554533
=003  Uk
=005  20061020104508.0
=006  m\\\\|\\\d\|\\\\\\
=007  cr||||||||||||
=008  060914s2004\\\\enk\\\\\s\\\\\000\0\eng\\
=FMT  \\$a  BK
=015  \\$aGBA688965$2bnb
=020  \\$a0753018047 :$cNo price
=040  \\$aUk$beng$cUk
=042  \\$aukblsr
=082  04$a381.1$222
=100  1\$aGoos, Maarten.
=245  10$aSinking the blues$h[electronic resource] :$bthe impact of shop closing hours on labor and product markets /$cMaarten Goos.
=260  \\$aLondon :$bCentre for Economic Performance, London School of Economics and Political Science,$cc2004.
=336  \\$atext$2rdacontent
=337  \\$acomputer$2rdamedia
=338  \\$aonline resource$2rdacarrier
=490  1\$aCEP discussion paper ;$vno. 664
=500  \\$aTitle from PDF file (viewed on 20 Oct., 2006).
=538  \\$aSystem requirements: Adobe Acrobat Reader.
=538  \\$aMode of access: World Wide Web.
=530  \\$aAlso available in print.
=500  \\$a"December 2004."
=504  \\$aIncludes bibliographical references.
=650  \0$aStore hours.
=650  \0$aLabor demand.
=650  \0$aRetail trade$xDeregulation$zUnited States.
=710  2\$aLondon School of Economics and Political Science.$bCentre for Economic Performance.
=830  \0$aDiscussion paper (London School of Economics and Political Science. Centre for Economic Performance : Online) ;$vno. 664.
=856  40$ahttp://cep.lse.ac.uk/pubs/download/dp0664.pdf
=CAT  \\$a6524$b40$c20060914$lBLL01$h1414
=CAT  \\$a6524$b40$c20060914$lBLL01$h1415
=CAT  \\$a6524$b40$c20060915$lBLL01$h1022
=CAT  \\$a7332$b40$c20061020$lBLL01$h1045
=CAT  \\$aW1711-1225$c20171203$lBLL01$h1024
=FIN  \\$aY$d20061020
=STA  \\$aSUPPRESSED$bunable to determine reason for suppression
=LAS  \\$aW1711-1225$b00$c20171203$lBLL01$h1024

