=LDR  02089 am a2200529 a 4500
=001  013554552
=003  Uk
=005  20061020130216.0
=006  m\\\\|\\\d\|\\\\\\
=007  cr||||||||||||
=008  060914s2005\\\\enk\\\\\s\\\\\000\0\eng\\
=FMT  \\$a  BK
=015  \\$aGBA688974$2bnb
=020  \\$a0753018659 :$cNo price
=040  \\$aUk$beng$cUk
=042  \\$aukblsr
=082  04$a658.3153$222
=100  1\$aBlanden, Jo.
=245  10$aNew survey evidence on recent changes in UK union recognition$h[electronic resource] /$cJo Blanden, Stephen Machin and John Van Reenen.
=260  \\$aLondon :$bCentre for Economic Performance, London School of Economics and Political Science,$cc2005.
=336  \\$atext$2rdacontent
=337  \\$acomputer$2rdamedia
=338  \\$aonline resource$2rdacarrier
=490  1\$aCEP discussion paper ;$vno. 665
=500  \\$aTitle from PDF file (viewed on 20 Oct., 2006).
=538  \\$aSystem requirements: Adobe Acrobat Reader.
=538  \\$aMode of access: World Wide Web.
=530  \\$aAlso available in print.
=500  \\$a"May 2005."
=504  \\$aIncludes bibliographical references.
=650  \0$aLabor unions$xRecognition$zGreat Britain.
=650  \0$aLabor unions$zGreat Britain.
=650  \0$aLabor unions$xLaw and legislation$zGreat Britain.
=700  1\$aMachin, Stephen.
=700  1\$aVan Reenen, John.
=710  2\$aLondon School of Economics and Political Science.$bCentre for Economic Performance.
=710  2\$aLeverhulme Trust.
=830  \0$aDiscussion paper (London School of Economics and Political Science. Centre for Economic Performance : Online) ;$vno. 685.
=856  40$ahttp://cep.lse.ac.uk/pubs/download/dp0685.pdf
=CAT  \\$a7750$b40$c20060914$lBLL01$h1423
=CAT  \\$a7750$b40$c20060914$lBLL01$h1424
=CAT  \\$a7332$b40$c20061020$lBLL01$h1300
=CAT  \\$a7332$b40$c20061020$lBLL01$h1302
=CAT  \\$aW1711-1225$c20171203$lBLL01$h1024
=FIN  \\$aY$d20061020
=STA  \\$aSUPPRESSED$bunable to determine reason for suppression
=LAS  \\$aW1711-1225$b00$c20171203$lBLL01$h1024

