=LDR  01871 am a2200469 a 4500
=001  013554583
=003  Uk
=005  20061020132558.0
=006  m\\\\|\\\d\|\\\\\\
=007  cr||||||||||||
=008  060914s2005\\\\enk\\\\\s\\\\\000\0\eng\\
=FMT  \\$a  BK
=015  \\$aGBA688985$2bnb
=020  \\$a0753018233 :$cNo price
=040  \\$aUk$beng$cUk
=042  \\$aukblsr
=082  04$a331.137$222
=100  1\$aVallanti, Giovanna.
=245  10$aCapital mobility and unemployment dynamics$h[electronic resource] :$bevidence from a panel of OECD countries /$cGiovanna Vallanti.
=260  \\$aLondon :$bCentre for Economic Performance, London School of Economics and Political Science,$cc2005.
=336  \\$atext$2rdacontent
=337  \\$acomputer$2rdamedia
=338  \\$aonline resource$2rdacarrier
=490  1\$aCEP discussion paper ;$vno. 684
=500  \\$aTitle from PDF file (viewed on 20 Oct., 2006).
=538  \\$aSystem requirements: Adobe Acrobat Reader.
=538  \\$aMode of access: World Wide Web.
=530  \\$aAlso available in print.
=500  \\$a"April 2005."
=504  \\$aIncludes bibliographical references.
=650  \0$aUnemployment$zOECD countries.
=650  \0$aCapital movements$zOECD countries.
=710  2\$aLondon School of Economics and Political Science.$bCentre for Economic Performance.
=830  \0$aDiscussion paper (London School of Economics and Political Science. Centre for Economic Performance : Online) ;$vno. 684.
=856  40$ahttp://cep.lse.ac.uk/pubs/download/dp0684.pdf
=CAT  \\$a7750$b40$c20060914$lBLL01$h1436
=CAT  \\$a7750$b40$c20060914$lBLL01$h1437
=CAT  \\$a7332$b40$c20061020$lBLL01$h1325
=CAT  \\$aW1711-1225$c20171203$lBLL01$h1024
=FIN  \\$aY$d20061020
=STA  \\$aSUPPRESSED$bunable to determine reason for suppression
=LAS  \\$aW1711-1225$b00$c20171203$lBLL01$h1024

