=LDR  02057 am a2200529 a 4500
=001  013554586
=003  Uk
=005  20061020141855.0
=006  m\\\\|\\\d\|\\\\\\
=007  cr||||||||||||
=008  060914s2004\\\\enk\\\\\s\\\\\000\0\eng\\
=FMT  \\$a  BK
=015  \\$aGBA688991$2bnb
=020  \\$a0753018071 :$cNo price
=040  \\$aUk$beng$cUk
=042  \\$aukblsr
=082  04$a339.2$222
=100  10$aCaselli, Francesco,$d1966-
=245  10$aAccounting for cross-country income differences$h[electronic resource] /$cFrancesco Caselli.
=260  \\$aLondon :$bCentre for Economic Performance, London School of Economics and Political Science,$cc2004.
=336  \\$atext$2rdacontent
=337  \\$acomputer$2rdamedia
=338  \\$aonline resource$2rdacarrier
=490  1\$aCEP discussion paper ;$vno. 667
=500  \\$aTitle from PDF file (viewed on 20 Oct., 2006).
=538  \\$aSystem requirements: Adobe Acrobat Reader.
=538  \\$aMode of access: World Wide Web.
=530  \\$aAlso available in print.
=500  \\$a"January 2005."
=504  \\$aIncludes bibliographical references.
=650  \0$aIncome distribution.
=650  \0$aHuman capital$xAccounting.
=650  \0$aCapital$xAccounting.
=710  2\$aLondon School of Economics and Political Science.$bCentre for Economic Performance.
=830  \0$aDiscussion paper (London School of Economics and Political Science. Centre for Economic Performance : Online) ;$vno. 667.
=856  40$ahttp://cep.lse.ac.uk/pubs/download/dp0667.pdf
=CAT  \\$a6524$b40$c20060914$lBLL01$h1438
=CAT  \\$a6524$b40$c20060915$lBLL01$h0900
=CAT  \\$a6524$b40$c20060915$lBLL01$h0930
=CAT  \\$a6524$b40$c20060915$lBLL01$h0931
=CAT  \\$a7332$b40$c20061016$lBLL01$h0823
=CAT  \\$a7332$b40$c20061020$lBLL01$h1418
=CAT  \\$aBATCH-UPD$b40$c20150509$lBLL01$h1838
=CAT  \\$aW1711-1225$c20171203$lBLL01$h1024
=FIN  \\$aY$d20061020
=STA  \\$aSUPPRESSED$bunable to determine reason for suppression
=LAS  \\$aW1711-1225$b00$c20171203$lBLL01$h1024

