=LDR  00959 as a22003017a 4500
=001  013573787
=003  Uk
=005  20061011085205.0
=006  m\\\\\\\\d\|\\\\\\
=007  c\||||||||||||
=008  061011c20029999xxuuu\\\s\\\\\0\\\a0eng\\
=FMT  \\$a  SE
=040  \\$aUk$beng$cUk
=245  00$aNurseZone$h[electronic resource]
=260  \\$aSan Diego :$bAMN Healthcare Inc,$c2002.
=336  \\$atext$2rdacontent
=337  \\$acomputer$2rdamedia
=516  \\$aPDF format
=538  \\$aMode of access: Internet
=856  \\$ahttp://www.nursezone.com/job/MedicalNewsAlerts.asp
=945  \\$aNursezone -ELECTRONIC EDITION-
=979  \\$aBritish Library$cDSC$j6187.036500N
=CAT  \\$a6810$b40$c20061011$lBLL01$h0852
=CAT  \\$aWR12_168$c20121206$lBLL01$h1817
=CAT  \\$aW1711-1225$c20171203$lBLL01$h1025
=STA  \\$aSUPPRESSED$bunable to determine reason for suppression
=TCO  \\$aTRS$bCCC$c008
=LAS  \\$aW1711-1225$b00$c20171203$lBLL01$h1025

