=LDR  01831 as a22005297a 4500
=001  008565638
=003  Uk
=005  20110711092701.0
=006  m\\\\\\\\d\|\\\\\\
=007  cr||||||||||||
=008  040417d200u200uenkmr\p\s\\\\\0\\\a0eng\\
=FMT  \\$a  SE
=015  \\$aGBA586728$2bnb
=040  \\$aUk$beng$cUk$dUk
=042  \\$aukblsr
=082  04$a346.4204305$222
=245  00$aPropertyFile$h[electronic resource] /$cBrethertons Solicitors.
=246  3\$aProperty file
=260  \\$aBanbury :$bBrethertons Solicitors.
=310  \\$aMonthly
=336  \\$atext$2rdacontent
=337  \\$acomputer$2rdamedia
=338  \\$aonline resource$2rdacarrier
=538  \\$aMode of access: email in HTML format.
=530  \\$aArchive issues available on the publisher's web site in PDF format.
=500  \\$aTitle from caption.
=500  \\$aDescription based on: Apr. 2004 issue.
=650  \0$aReal property$zEngland$vPeriodicals.
=650  \0$aReal property$zWales$vPeriodicals.
=710  2\$aBrethertons Solicitors.
=856  40$ahttp://www.brethertons.co.uk/propertyManagerFile.htm$zTo subscribe
=A02  \\$a3015310$z0
=CAT  \\$aCONV$b00$c20040425$lBLL90$h0714
=CAT  \\$aCONV$b00$c20040502$lBLL01$h1257
=CAT  \\$a11249$b40$c20050408$lBLL01$h1113
=CAT  \\$a3072$b40$c20051013$lBLL01$h1334
=CAT  \\$aBATCH$b00$c20091209$lBLL01$h0225
=CAT  \\$aBATCH$b00$c20091214$lBLL01$h0333
=CAT  \\$aBATCH$b00$c20091216$lBLL01$h0113
=CAT  \\$a8201$b40$c20110711$lBLL01$h0927
=CAT  \\$aWR14_140$c20140905$lBLL01$h1729
=CAT  \\$aW1711-1225$c20171203$lBLL01$h1019
=FIN  \\$aY$d20051013
=SRC  \\$aDSS04$bbibld.200404.2.aa
=STA  \\$aSUPPRESSED$bunable to determine reason for suppression
=TCO  \\$aCLA$bCLA$c008
=LAS  \\$aW1711-1225$b00$c20171203$lBLL01$h1019

