=LDR  02045 as a2200565 a 4500
=001  008565871
=003  Uk
=005  20050819160954.0
=006  m\\\\\\\\d\|\\\\\\
=007  cr||||||||||||
=008  040417c200u9999enkmr\p\s\\\\\0\\\a0eng\\
=FMT  \\$a  SE
=040  \\$aUk$beng$cUk
=042  \\$aukblsr
=082  04$a361.76320941$222
=245  00$aCAN-zine$h[electronic resource].
=260  \\$a[London :$bCommunity Action Network].
=310  \\$aMonthly
=336  \\$atext$2rdacontent
=337  \\$acomputer$2rdamedia
=338  \\$aonline resource$2rdacarrier
=538  \\$aMode of access: Email.
=500  \\$aTitle from head of text file.
=500  \\$aDescription based on: Nov. 2002 issue.
=610  24$aCommunity Action Network (Great Britain)$vPeriodicals.
=650  \0$aSocial action$zGreat Britain$vPeriodicals.
=650  \0$aUrban renewal$zGreat Britain$vPeriodicals.
=650  \0$aCommunity development$zGreat Britain$vPeriodicals.
=650  \0$aEntrepreneurship$xSocial aspects$zGreat Britain$vPeriodicals.
=710  2\$aCommunity Action Network (Great Britain)
=856  40$ahttp://www.can-online.org.uk/news/canzine/
=856  40$ahttp://www.can-online.org.uk/news/canzine/archive.asp
=A02  \\$a3009147$z0
=CAT  \\$aCONV$b00$c20040425$lBLL90$h0714
=CAT  \\$aCONV$b00$c20040502$lBLL01$h1257
=CAT  \\$a11249$b40$c20050408$lBLL01$h1113
=CAT  \\$a8141$b40$c20050815$lBLL01$h1503
=CAT  \\$a8141$b40$c20050818$lBLL01$h1512
=CAT  \\$a8141$b40$c20050818$lBLL01$h1514
=CAT  \\$a5194$b40$c20050819$lBLL01$h1609
=CAT  \\$aBATCH$b00$c20091209$lBLL01$h0225
=CAT  \\$aBATCH$b00$c20091214$lBLL01$h0333
=CAT  \\$aBATCH$b00$c20091216$lBLL01$h0113
=CAT  \\$aBATCH-UPD$b00$c20150509$lBLL01$h1447
=CAT  \\$aW1711-1225$c20171203$lBLL01$h1019
=FIN  \\$aY$d20050815
=SRC  \\$aDSS04$bbibld.200404.2.aa
=STA  \\$aSUPPRESSED$bunable to determine reason for suppression
=TCO  \\$aCLA$bCLA$c008
=LAS  \\$aW1711-1225$b00$c20171203$lBLL01$h1019

