=LDR  01584 as a2200469 a 4500
=001  008568097
=003  Uk
=005  20050818150205.0
=006  m\\\\\\\\d\|\\\\\\
=007  cr||||||||||||
=008  040417c200u9999enkmr\\\s\\\\\0\\\a0eng\\
=FMT  \\$a  SE
=040  \\$aUk$beng$cUk
=042  \\$aukblsr
=082  04$a658.4505$222
=245  00$aSource for communicators$h[electronic resource].
=260  \\$a[London]$bMelcrum Publishing.
=310  \\$aMonthly
=336  \\$atext$2rdacontent
=337  \\$acomputer$2rdamedia
=338  \\$aonline resource$2rdacarrier
=538  \\$aMode of access: Email subscription.
=500  \\$aTitle from email title bar.
=500  \\$aDescription based on: Nov. 2003 issue.
=650  \0$aCommunication in management$vPeriodicals.
=650  \0$aCommunication in organizations$vPeriodicals.
=856  00$ahttp://www.melcrum.com/cgi-bin/melcrum/eu_registerform.pl
=A02  \\$a3022017$z0
=CAT  \\$aCONV$b00$c20040425$lBLL90$h0714
=CAT  \\$aCONV$b00$c20040502$lBLL01$h1257
=CAT  \\$a11249$b40$c20050408$lBLL01$h1052
=CAT  \\$a8141$b40$c20050818$lBLL01$h1501
=CAT  \\$a8141$b40$c20050818$lBLL01$h1502
=CAT  \\$aBATCH$b00$c20091209$lBLL01$h0225
=CAT  \\$aBATCH$b00$c20091214$lBLL01$h0334
=CAT  \\$aBATCH$b00$c20091216$lBLL01$h0114
=CAT  \\$aW1711-1225$c20171203$lBLL01$h1019
=FIN  \\$aY$d20050818
=SRC  \\$aDSS04$bbibld.200404.2.aa
=STA  \\$aSUPPRESSED$bunable to determine reason for suppression
=TCO  \\$aCLA$bCLA$c008
=LAS  \\$aW1711-1225$b00$c20171203$lBLL01$h1019

