=LDR  01959 as a22005533  4500
=001  007887349
=003  Uk
=005  20120502143157.0
=006  aa\\\|||||||||||||
=007  cr||||||||||||
=008  040129c199u9999enkqr\p\o\s\\\0\\\a0eng\\
=FMT  \\$a  SE
=015  \\$aGBA351975$2bnb
=019  y\$abA351975
=019  9\$abA351975
=039  0\$a2778
=040  \\$aUk$cUk$dUk
=082  04$a782.505$222
=245  04$aThe choral room :$h[electronic resource]$bSpectrum Music's newsletter for the choral professional.
=260  \\$aLexington, Mass. ;$a[Great Britain] :$bSpectrum Music.
=310  \\$aQuarterly
=336  \\$atext$2rdacontent
=337  \\$acomputer$2rdamedia
=338  \\$aonline resource$2rdacarrier
=500  \\$aTitle from title display.
=500  \\$aDescription based on: Vol. 11, no. 4 (summer 2002)
=520  \\$a"Each issue contains a feature article as well as reviews of new choral issues, both sacred and secular in all voices" - website.
=538  \\$aMode of access: email and World Wide Web.
=650  \0$aChoral music$vPeriodicals.
=650  \0$aChoral music$xReviews$vPeriodicals.
=710  2\$aSpectrum Music (Firm)
=856  40$autttp://www.spectrum-music.com$zTo subscribe
=A02  \\$a3002962$z0
=CAT  \\$aCONV$b00$c20040425$lBLL90$h0713
=CAT  \\$aCONV$b00$c20040502$lBLL01$h1234
=CAT  \\$a11249$b40$c20050408$lBLL01$h1422
=CAT  \\$aBATCH$b00$c20091208$lBLL01$h0312
=CAT  \\$aBATCH$b00$c20091214$lBLL01$h0318
=CAT  \\$aBATCH$b00$c20091216$lBLL01$h0058
=CAT  \\$a8201$b40$c20120502$lBLL01$h1431
=CAT  \\$aWR14_140$c20140905$lBLL01$h1724
=CAT  \\$aW1711-1225$c20171203$lBLL01$h1018
=FIN  \\$aY
=LEO  \\$aMP5.0000023785
=SRC  \\$aDSS04$bbibld.200404.2.aa
=SRC  \\$aBNB03$bbibmp5.200404.2.aa
=STA  \\$aSUPPRESSED$bunable to determine reason for suppression
=TCO  \\$aZZZ$c008
=LAS  \\$aW1711-1225$b00$c20171203$lBLL01$h1018

