=LDR  02027 am a22005053u 4500
=001  006588004
=003  Uk
=005  20160130180000.0
=008  010726s2001\\\\xxu\\\\||\\\\\000\||eng\|
=FMT  \\$a  BK
=019  g\$aadv5003900899
=019  a\$aG07320905
=040  \\$aDOJ$cDOJ$dDLC$dUk
=050  00$aHV7921
=100  1\$aBayley, David H.
=245  14$aThe new structure of policing :$bdescription, conceptualization and research agenda /$cDavid H. Bayley and Clifford D. Shearing.
=260  \\$aWashington, D.C. :$bU.S. Dept. of Justice, Office of Justice Programs, National Institute of Justice,$c[2001]
=300  \\$aviii, 47 p. ;$c28 cm.
=336  \\$atext$2rdacontent
=337  \\$aunmediated$2rdamedia
=338  \\$avolume$2rdacarrier
=490  1\$aResearch report / National Institute of Justice
=504  \\$aIncludes bibliographical references.
=530  \\$aAlso available via the Internet from the National Criminal Justice Reference Service web site. Address as of 7/23/01: http://www.ncjrs.org/txtfiles2/nij/187083.txt for ASCII text format or http://www.ncjrs.org/pdffiles1/nij/187083.pdf for PDF format (Adobe Acrobat reader required)
=590  \\$a"July 2001."
=650  \0$aLaw enforcement.
=650  \0$aPolice.
=700  1\$aShearing, Clifford D.,$d1942-
=710  2\$aNational Institute of Justice (U.S.)
=830  \0$aNIJ research report.
=856  41$ahttp://www.ncjrs.org/pdffiles1/nij/187083.pdf
=856  41$ahttp://www.ncjrs.org/txtfiles2/nij/187083.txt
=886  2\$2blmarc$a010$b00$a2001387972
=966  \\$uc$lACQUIS 24/12/2002
=979  \\$aMN
=CAT  \\$aCONV$b00$c20040502$lBLL01$h1144
=CAT  \\$aglobal_upd$b40$c20060416$lBLL01$h0212
=CAT  \\$aBATCH$b00$c20091207$lBLL01$h0158
=CAT  \\$aWR12-140$c20121031$lBLL01$h1758
=CAT  \\$aBATCH-UPD$b00$c20160130$lBLL01$h1800
=FIN  \\$aY
=LEO  \\$aMP8.0001753070
=SRC  \\$aDSC01$bbibmp8.200404.2.ac
=STA  \\$aSUPPRESSED$bNegative Record
=LAS  \\$aBATCH-UPD$b00$c20160130$lBLL01$h1800

