=LDR  02109 as a2200589 a 4500
=001  007033568
=003  Uk
=005  20120718111039.0
=006  m\\\\\\\\d\|\\\\\\
=007  cr||||||||||||
=008  031205d199u200uenkqr\p\o\s\\\0\\\a0eng\\
=FMT  \\$a  SE
=015  \\$aGBA351669$2bnb
=019  y\$abA351669
=019  9\$abA351669
=039  0\$a2771
=040  \\$aUk$cUk$dUk
=082  04$a333.3387509467205$221
=245  00$aBarcelona market index brief$h[electronic resource] /$cCB Richard Ellis.
=246  3\$aOffice properties
=246  3\$aOficinas
=260  \\$a[Barcelona?] :$bCB Richard Ellis ;$a[Great Britain] :$bCB Hillier Parker.
=310  \\$aQuarterly
=336  \\$atext$2rdacontent
=337  \\$acomputer$2rdamedia
=338  \\$aonline resource$2rdacarrier
=490  1\$aGlobal research & consulting
=500  \\$aTitle from title display.
=500  \\$aRunning title: Office properties, and: Oficinas.
=500  \\$aDescription based on: 3rd quarter 2001.
=538  \\$aMode of access: email and World Wide Web in PDF format.
=650  \0$aReal estate office buildings$zSpain$zBarcelona$vPeriodicals.
=650  \0$aMarket surveys$zSpain$zBarcelona$vPeriodicals.
=710  2\$aCB Hillier Parker.
=856  40$autttp://www.cbhillierparker.com/master.htm$zTo set up subscription
=886  2\$2ukmarc$a910$b20$aCB Richard Ellis$xSee also$aCB Hillier Parker$z710
=830  \0$aGlobal research & consulting
=CAT  \\$aCONV$b00$c20040425$lBLL90$h0531
=CAT  \\$aCONV$b00$c20040502$lBLL01$h1207
=CAT  \\$a11249$b40$c20051028$lBLL01$h0936
=CAT  \\$a3072$b40$c20071017$lBLL01$h1533
=CAT  \\$aBATCH$b00$c20091216$lBLL01$h2241
=CAT  \\$a8201$b40$c20120718$lBLL01$h1110
=CAT  \\$aWR14_140$c20140905$lBLL01$h1710
=CAT  \\$aW1711-1225$c20171203$lBLL01$h1018
=FIN  \\$aY
=LEO  \\$aMP5.0000023753
=SRC  \\$aDSS04$bbibld.200404.2.aa
=SRC  \\$aBNB03$bbibmp5.200404.2.aa
=STA  \\$aSUPPRESSED$bunable to determine reason for suppression
=TCO  \\$aCLA$bCLA$c008
=LAS  \\$aW1711-1225$b00$c20171203$lBLL01$h1018

