=LDR  01657 am a2200445 i 4500
=001  016249108
=003  Uk
=005  20150928115437.0
=006  m\\\\||\\d\|\\\\\\
=007  cr\|||||||||||
=008  130111s2012\\\\enka\\\\ob\\\\0|0\0|eng\\
=FMT  \\$a  BK
=015  \\$aGBB3B4909$2bnb
=040  \\$aUk$beng$cUk$erda
=042  \\$aukblsr
=082  04$a914.2839$223
=110  2\$aNatural England (Agency),$eauthor.
=245  10$aYorkshire Wolds /$cNatural England.
=264  \1$a[Sheffield] :$bNatural England,$c[2012]
=300  \\$a1 online resource (53 pages) :$billustrations (colour), 1 map (colour).
=336  \\$atext$2rdacontent
=337  \\$acomputer$2rdamedia
=338  \\$aonline resource$2rdacarrier
=490  0\$aNational character area profile ;$v27
=500  \\$aCatalogue code: NE348.
=504  \\$aIncludes bibliographical references.
=588  \\$aDescription based on online resource; title from PDF cover page (viewed on December 13, 2013).
=650  \0$aHabitat conservation$zEngland$zWolds, The.
=650  \0$aLandscape changes$zEngland$zWolds, The.
=650  \0$aLandscape protection$zEngland$zWolds, The.
=651  \0$aWolds, The (England)$xArea.
=651  \0$aWolds, The (England)$xEnvironmental conditions.
=856  4\$vhttp://publications.naturalengland.org.uk/file/2579445
=CAT  \\$a10902$b40$c20130111$lBLL01$h1438
=CAT  \\$a7332$b44$c20131213$lBLL01$h1603
=CAT  \\$a7416$b40$c20150928$lBLL01$h1154
=CAT  \\$aW1711-1225$c20171203$lBLL01$h1052
=FIN  \\$aY$d20131213
=STA  \\$aSUPPRESSED$bunable to determine reason for suppression
=LAS  \\$aW1711-1225$b00$c20171203$lBLL01$h1052

