=LDR  01689 am a2200457 a 4500
=001  015107515
=003  Uk
=005  20091013084621.0
=006  m\\\\|\\\d\|\\\\\\
=007  cr||||||||||||
=008  090406s2009\\\\enk\\\\\s\\\\o000\0\eng\\
=FMT  \\$a  BK
=015  \\$aGBA935322$2bnb
=020  \\$a9780108508172 :$cNo price
=040  \\$aUk$beng$cUk
=042  \\$aukblsr
=082  04$a333.79160941$222
=245  00$aCommunity Energy Saving Programme (CESP)$h[electronic resource] :$bconsultation document.
=260  \\$aLondon :$bDECC,$c2009.
=300  \\$a64 p. :$bdigital, PDF file.
=336  \\$atext$2rdacontent
=337  \\$acomputer$2rdamedia
=338  \\$aonline resource$2rdacarrier
=538  \\$aMode of access: World Wide Web.
=538  \\$aSystem requirements: Adobe Acrobat Reader.
=500  \\$aTitle from PDF title page (viewed on 6 Apr., 2009).
=500  \\$aURN 09D/550.
=500  \\$a"February 2009."
=610  20$aCommunity Energy Saving Programme (Great Britain)$xEvaluation.
=650  \0$aEnergy conservation$zGreat Britain.
=710  1\$aGreat Britain.$bDepartment for Communities and Local Government.
=710  1\$aGreat Britain.$bDepartment of Energy and Climate Change.
=856  40$ahttp://www.decc.gov.uk/en/content/cms/consultations/open/cesp/cesp.aspx
=985  \\$aRecord amended for WR# 13/070
=CAT  \\$a7332$b40$c20090406$lBLL01$h1058
=CAT  \\$a8141$b40$c20091013$lBLL01$h0846
=CAT  \\$aWR13_070$b00$c20130504$lBLL01$h0314
=CAT  \\$aW1711-1225$c20171203$lBLL01$h1033
=FIN  \\$aY$d20090406
=STA  \\$aSUPPRESSED$bunable to determine reason for suppression
=LAS  \\$aW1711-1225$b00$c20171203$lBLL01$h1033

