=LDR  01889 am a2200481 a 4500
=001  015266910
=003  Uk
=005  20100204175520.0
=006  m||||||||d||||||||
=007  cr||||||||||||
=008  090827s2009\\\\enk\\\\\s\\\\\000|0\eng|\
=015  \\$aGBB019638$2bnb
=040  \\$aStDuBDS$beng$cStDuBDS
=042  \\$aukblsr
=082  04$a323.49095193$222
=245  00$aDemocratic People's Republic of Korea$h[electronic resource] :$bsubmission to the UN universal periodic review : sixth session of the UPR working group of the Human Rights Council, November-December 2009.
=260  \\$aLondon :$bAmnesty International,$c2009.
=300  \\$a8 p. :$bdigital, PDF file.
=336  \\$atext$2rdacontent
=337  \\$acomputer$2rdamedia
=338  \\$aonline resource$2rdacarrier
=500  \\$aTitle from PDF title page (viewed on 27 August 2009).
=530  \\$aAlso issued in print format.
=538  \\$aMode of access: World Wide Web.
=538  \\$aSystem requirements: Adobe Acrobat Reader.
=650  \0$aHuman rights$zKorea (North)
=710  2\$aAmnesty International.
=856  40$ahttp://www.amnesty.org/en/library/asset/ASA24/008/2009/en/598bc978-295c-462a-8012-f4bebb46a9f8/asa240082009en.pdf
=985  \\$aNETCAT record
=CAT  \\$a10983$b40$c20090527$lBLL01$h1056
=CAT  \\$a10983$b40$c20090527$lBLL01$h1104
=CAT  \\$a10983$b40$c20090527$lBLL01$h1112
=CAT  \\$a10983$b40$c20090527$lBLL01$h1117
=CAT  \\$aBATCH-SURR$b00$c20100204$lBLL01$h1754
=CAT  \\$aBATCH$b00$c20100204$lBLL01$h1755
=CAT  \\$aBATCH-CORR$c20100211$lBLL01$h1314
=CAT  \\$aBATCH$b00$c20100910$lBLL01$h1135
=CAT  \\$aW1711-1225$c20171203$lBLL01$h1033
=FIN  \\$aY$d20100211
=FMT  \\$a  BK
=LAS  \\$aW1711-1225$b00$c20171203$lBLL01$h1033
=SRC  \\$aNETCAT$bnetcatem.20100204
=STA  \\$aSUPPRESSED$bunable to determine reason for suppression

