=LDR  01693 am a2200445 a 4500
=001  015287928
=003  Uk
=005  20120514142520.0
=006  m\\\\|\\\d\|\\\\\\
=007  cr\|||||||||||
=008  090610s2009\\\\enk\\\\\o\\\\o000\0\eng\\
=015  \\$aGBB246432$2bnb
=040  \\$aUk$beng$cUk
=042  \\$aukblsr
=082  04$a354.680941$223
=245  04$aThe European Services Directive$h[electronic resource] :$bguidance for competent authorities.
=260  \\$aLondon :$bDepartment for Business, Enterprise & Regulatory Reform,$c2009.
=300  \\$a1 online resource (20 p.)
=336  \\$atext$2rdacontent
=337  \\$acomputer$2rdamedia
=338  \\$aonline resource$2rdacarrier
=500  \\$aTitle from Word cover (viewed on May 14, 2012).
=500  \\$a"First edition, June 2009."
=500  \\$aPublisher's no.: URN 09/1015.
=610  20$aEuropean Union$zGreat Britain.
=650  \0$aService industries$xLaw and legislation$zEuropean Union countries.
=650  \0$aService industries$xLaw and legislation$zGreat Britain.
=710  1\$aGreat Britain.$bDepartment for Business, Enterprise and Regulatory Reform.
=856  40$ahttp://www.bis.gov.uk/files/file51666.doc
=985  \\$aRecord amended for WR# 13/070
=CAT  \\$a10983$b40$c20090610$lBLL01$h1151
=CAT  \\$a10983$b40$c20090610$lBLL01$h1153
=CAT  \\$a12181$b40$c20120514$lBLL01$h1422
=CAT  \\$a12181$b40$c20120514$lBLL01$h1425
=CAT  \\$aWR13_070$b00$c20130504$lBLL01$h0318
=CAT  \\$aW1711-1225$c20171203$lBLL01$h1033
=FIN  \\$aY$d20120514
=FMT  \\$a  BK
=LAS  \\$aW1711-1225$b00$c20171203$lBLL01$h1033
=STA  \\$aSUPPRESSED$bunable to determine reason for suppression

