=LDR  00975 as a22003017a 4500
=001  013603187
=003  Uk
=005  20061115133601.0
=006  m\\\\\\\\d\|\\\\\\
=007  c\||||||||||||
=008  061115c19uu9999xxuuu\\\s\\\\\0\\\a0eng\\
=040  \\$aUk$beng$cUk
=245  00$aKagan online magazine$h[electronic resource]
=260  \\$aSan Clemente :$bKagan Publishing.
=336  \\$atext$2rdacontent
=337  \\$acomputer$2rdamedia
=516  \\$aPDF format
=538  \\$aMode of access: Internet
=856  \\$ahttp://www.kaganonline.com/Newsletter/index.html
=945  \\$aKagan online magazine -ELECTRONIC EDITION-
=979  \\$aBritish Library$cDSC$j5081.130550N
=CAT  \\$a6810$b40$c20061115$lBLL01$h1336
=CAT  \\$aWR12_168$c20121206$lBLL01$h1817
=CAT  \\$aW1711-1225$c20171203$lBLL01$h1025
=FMT  \\$a  SE
=LAS  \\$aW1711-1225$b00$c20171203$lBLL01$h1025
=STA  \\$aSUPPRESSED$bunable to determine reason for suppression
=TCO  \\$aTRS$bCCC$c008

