=LDR  00988 as a22003137a 4500
=001  013615083
=003  Uk
=005  20100602141457.0
=006  m\\\\\\\\d\|\\\\\\
=007  c\||||||||||||
=008  061130c20019999ru\br\\\s\\\\\0\\\a0eng\\
=022  \\$a1681-1208
=040  \\$aUk$beng$cUk
=245  00$aRussian journal of earth sciences :$bRossiiskii zhurnal nauk o zemle$h[electronic resource]
=260  \\$aMoscow,$c2001-.
=336  \\$atext$2rdacontent
=337  \\$acomputer$2rdamedia
=516  \\$aPDF format
=538  \\$aMode of access: Internet
=856  \\$ahttp://rjes.wdcb.ru/
=945  \\$aRussian journal of earth sciences
=979  \\$aBritish Library$cDSC$j0420.760910N
=CAT  \\$a9729$b40$c20061130$lBLL01$h1328
=CAT  \\$a5763$b40$c20100602$lBLL01$h1414
=CAT  \\$aW1711-1225$c20171203$lBLL01$h1025
=FMT  \\$a  SE
=LAS  \\$aW1711-1225$b00$c20171203$lBLL01$h1025
=STA  \\$aSUPPRESSED$bunable to determine reason for suppression
=TCO  \\$aXXX$c008

