=LDR  00996 as a22003137a 4500
=001  013649854
=003  Uk
=005  20070123140654.0
=006  m\\\\\\\\d\|\\\\\\
=007  c\||||||||||||
=008  070123c19979999ne\mr\\\s\\\\\0\\\a0eng\\
=022  \\$a1388-722X
=040  \\$aUk$beng$cUk
=245  00$aVirtual medical worlds$h[electronic resource]
=260  \\$aAlmere :$bGenais Benelux,$c1997-.
=336  \\$atext$2rdacontent
=337  \\$acomputer$2rdamedia
=516  \\$aPDF format
=538  \\$aMode of access: Internet
=856  \\$ahttp://www.hoise.com/VMW
=945  \\$aVirtual medical worlds -electronic edition-
=979  \\$aBritish Library$cDSC$j9240.725250N
=CAT  \\$a5270$b40$c20070123$lBLL01$h1406
=CAT  \\$aWR12_168$c20121206$lBLL01$h1817
=CAT  \\$aW1711-1225$c20171203$lBLL01$h1025
=FMT  \\$a  SE
=LAS  \\$aW1711-1225$b00$c20171203$lBLL01$h1025
=STA  \\$aSUPPRESSED$bunable to determine reason for suppression
=TCO  \\$aNLD$bSTICHTING REPRORECHT$c008

