=LDR  01087 as a22003137a 4500
=001  013670165
=003  Uk
=005  20070213113240.0
=006  m\\\\\\\\d\|\\\\\\
=007  c\||||||||||||
=008  070213c20009999xxufr\\\s\\\\\0\\\a0eng\\
=022  \\$a1528-8277
=040  \\$aUk$beng$cUk
=245  04$aThe Internet Journal of Pain, Symptom Control and Palliative Care$h[electronic resource]
=260  \\$aSugar Land :$bInternet Scientific Publications, L.L.C.,$c2000-.
=336  \\$atext$2rdacontent
=337  \\$acomputer$2rdamedia
=516  \\$aPDF format
=538  \\$aMode of access: Internet
=856  \\$ahttp://www.ispub.com
=945  \\$aInternet Journal of Pain, Symptom Control and Palliative Care -electronic edition-
=979  \\$aBritish Library$cDSC$j9830.014000N
=CAT  \\$a5270$b40$c20070213$lBLL01$h1132
=CAT  \\$aWR12_168$c20121206$lBLL01$h1817
=CAT  \\$aW1711-1225$c20171203$lBLL01$h1026
=FMT  \\$a  SE
=LAS  \\$aW1711-1225$b00$c20171203$lBLL01$h1026
=STA  \\$aSUPPRESSED$bunable to determine reason for suppression
=TCO  \\$aTRS$bCCC$c008

