=LDR  02315 as a2200577 a 4500
=001  013673982
=003  Uk
=005  20140520143611.0
=006  m\\\\\\\\d\|\\\\\\
=007  cr||||||||||||
=008  070214d200u200uenkmx\p\s\\\\\0\\\a0eng\\
=015  \\$aGBA713087$2bnb
=022  0\$a1749-5474$202
=040  \\$aUk$beng$cUk
=042  \\$aukblsr$aissnuk
=082  04$a333.3322094105$222
=130  0\$aUK economic brief (Online)
=222  \0$aUK economic brief$b(Online)
=245  10$aUK economic brief$h[electronic resource].
=246  3\$aUnited Kingdom economic brief
=246  1\$iemail subject line:$aRICS economic brief
=246  1\$iWeb site variant:$aRICS UK economic brief
=260  \\$aLondon :$bRoyal Institution of Chartered Surveyors
=336  \\$atext$2rdacontent
=337  \\$acomputer$2rdamedia
=338  \\$aonline resource$2rdacarrier
=500  \\$aDescription based on: Oct. 2004 issue; title from PDF caption (publisher's web site, viewed 14 Feb. 2007).
=538  \\$aMode of access: email and World Wide Web.
=538  \\$aSystem requirements: Adobe Acrobat Reader.
=550  \\$aAt head of title: RICS Public Affairs, from Nov./Dec. 2006 RICS Economics.
=650  \0$aConstruction industry$zGreat Britain$vPeriodicals.
=650  \0$aReal estate business$zGreat Britain$vPeriodicals.
=651  \0$aGreat Britain$xEconomic conditions$vPeriodicals.
=710  2\$aRoyal Institution of Chartered Surveyors.
=780  00$tUK economic brief$x1477-0229
=856  4\$ahttp://www.rics.org/Property/Propertymarket/uk+economic+brief.htm$zFollow links to resource
=CAT  \\$a3072$b40$c20070214$lBLL01$h1721
=CAT  \\$a3072$b40$c20070215$lBLL01$h1105
=CAT  \\$a3072$b40$c20070215$lBLL01$h1130
=CAT  \\$a7332$b40$c20070226$lBLL01$h0922
=CAT  \\$a11279$b40$c20070410$lBLL01$h1540
=CAT  \\$aBATCH$b00$c20081124$lBLL01$h1133
=CAT  \\$a7778$b40$c20140520$lBLL01$h1436
=CAT  \\$aWR14_140$c20140905$lBLL01$h1814
=CAT  \\$aW1711-1225$c20171203$lBLL01$h1026
=FIN  \\$aY$d20070215
=FMT  \\$a  SE
=LAS  \\$aW1711-1225$b00$c20171203$lBLL01$h1026
=LKR  \\$aPAR$b007025227$lBLL01$r78000$mUK economic brief (Online)$nUK economic brief
=STA  \\$aSUPPRESSED$bunable to determine reason for suppression
=TCO  \\$aCLA$bCLA$c008

