=LDR  01842 am a2200493 a 4500
=001  013678917
=003  Uk
=005  20070322092649.0
=006  m\\\\|\\\d\|\\\\\\
=007  cr||||||||||||
=008  070221s2005\\\\enk||||\s||||o00|\0\eng\\
=015  \\$aGBA723432$2bnb
=020  \\$a1844735672 :$cNo price
=040  \\$aUk$beng$cUk
=042  \\$aukblsr
=082  04$a363.232094284$222
=245  00$aAssessing the impact of CCTV.$pThe Northern Estate case study$h[electronic resource] /$cMartin Gill ... [et al.].
=260  \\$a[London] :$bHome Office,$c2005.
=336  \\$atext$2rdacontent
=337  \\$acomputer$2rdamedia
=338  \\$aonline resource$2rdacarrier
=490  1\$aHome Office online report ;$v13/05
=500  \\$aTitle from PDF title page (viewed on 21 Mar., 2007).
=516  \\$aPDF format.
=538  \\$aMode of access: World Wide Web.
=538  \\$aSystem requirements: Adobe Acrobat Reader.
=650  \0$aClosed-circuit television$zEngland, North East.
=650  \0$aCrime prevention$zEngland, North East.
=650  \0$aPlanned communities$zEngland, North East.
=700  1\$aGill, M. L.
=710  1\$aGreat Britain.$bHome Office.$bResearch, Development and Statistics Directorate.
=830  \0$aHome Office online report ;$v13/05
=856  40$ahttp://www.homeoffice.gov.uk/rds/pdfs05/rdsolr1305.pdf
=CAT  \\$a10902$b40$c20070221$lBLL01$h0829
=CAT  \\$a10902$b40$c20070221$lBLL01$h0831
=CAT  \\$a8141$b40$c20070321$lBLL01$h1649
=CAT  \\$a8141$b40$c20070322$lBLL01$h0926
=CAT  \\$aBATCH$b00$c20091217$lBLL01$h0447
=CAT  \\$aBATCH$b00$c20100103$lBLL01$h1240
=CAT  \\$aW1711-1225$c20171203$lBLL01$h1026
=FIN  \\$aY$d20070321
=FMT  \\$a  BK
=LAS  \\$aW1711-1225$b00$c20171203$lBLL01$h1026
=STA  \\$aSUPPRESSED$bunable to determine reason for suppression

