=LDR  00939 as a22003017a 4500
=001  013687535
=003  Uk
=005  20070305144622.0
=006  m\\\\\\\\d\|\\\\\\
=007  c\||||||||||||
=008  070305c20uu9999sz\uu\\\s\\\\\0\\\a0eng\\
=040  \\$aUk$beng$cUk
=245  00$aRheuma21st$h[electronic resource]
=260  \\$aZurich :$brheuma21st Century Ltd.
=336  \\$atext$2rdacontent
=337  \\$acomputer$2rdamedia
=516  \\$aPDF format
=538  \\$aMode of access: Internet
=856  \\$ahttp://www.rheuma21st.com
=945  \\$aRheuma21st -electronic edition-
=979  \\$aBritish Library$cDSC$j7960.738705N
=CAT  \\$a5270$b40$c20070305$lBLL01$h1446
=CAT  \\$aWR12_168$c20121206$lBLL01$h1817
=CAT  \\$aW1711-1225$c20171203$lBLL01$h1026
=FMT  \\$a  SE
=LAS  \\$aW1711-1225$b00$c20171203$lBLL01$h1026
=STA  \\$aSUPPRESSED$bunable to determine reason for suppression
=TCO  \\$aCHE$bPRO LITTERIS$c008

