=LDR  01108 as a22003137a 4500
=001  013693451
=003  Uk
=005  20070313104823.0
=006  m\\\\\\\\d\|\\\\\\
=007  c\||||||||||||
=008  070313c20039999xxuqr\\\s\\\\\0\\\a0eng\\
=022  \\$a1540-580X
=040  \\$aUk$beng$cUk
=245  04$aThe Internet Journal of Allied Health Sciences and Practice$h[electronic resource]
=260  \\$aFort Lauderdale :$bNova Southeastern University,$c2003 -.
=336  \\$atext$2rdacontent
=337  \\$acomputer$2rdamedia
=516  \\$aPDF format
=538  \\$aMode of access: Internet
=856  \\$ahttp://www.nova.edu/cwis/centers/hpd/allied-health/journal/
=945  \\$aInternet Journal of Allied Health Sciences and Practice -electronic edition-
=979  \\$aBritish Library$cDSC$j9830.022000N
=CAT  \\$a5270$b40$c20070313$lBLL01$h1048
=CAT  \\$aWR12_168$c20121206$lBLL01$h1817
=CAT  \\$aW1711-1225$c20171203$lBLL01$h1026
=FMT  \\$a  SE
=LAS  \\$aW1711-1225$b00$c20171203$lBLL01$h1026
=STA  \\$aSUPPRESSED$bunable to determine reason for suppression
=TCO  \\$aTRS$bCCC$c008

