=LDR  01085 as a22003137a 4500
=001  013703712
=003  Uk
=005  20100602140327.0
=006  m\\\\\\\\d\|\\\\\\
=007  c\||||||||||||
=008  070327c20049999ru\ar\\\s\\\\\0\\\c0rus\\
=022  \\$a1813-3304
=040  \\$aUk$beng$cUk
=245  00$aSibirskie elektronnye matematicheskie izvestiia :$bSiberian electronic mathematical reports$h[electronic resource]
=260  \\$aNovosibirsk :$bInstitut Matematiki im S. L. Soboleva,$c2004-.
=336  \\$atext$2rdacontent
=337  \\$acomputer$2rdamedia
=516  \\$aPDF format
=538  \\$aMode of access: Internet
=856  \\$ahttp://semr.math.nsc.ru/index.html
=945  \\$aSibirskie elektronnye matematicheskie izvestiia
=979  \\$aBritish Library$cDSC$j0164.098250N
=CAT  \\$a9729$b40$c20070327$lBLL01$h1238
=CAT  \\$a5763$b40$c20100602$lBLL01$h1403
=CAT  \\$aW1711-1225$c20171203$lBLL01$h1026
=FMT  \\$a  SE
=LAS  \\$aW1711-1225$b00$c20171203$lBLL01$h1026
=STA  \\$aSUPPRESSED$bunable to determine reason for suppression
=TCO  \\$aXXX$c008

