=LDR  01075 as a22003137a 4500
=001  013707029
=003  Uk
=005  20070330143625.0
=006  m\\\\\\\\d\|\\\\\\
=007  c\||||||||||||
=008  070330c19989999xxumr\\\s\\\\\0\\\a0eng\\
=022  \\$a1099-5862
=040  \\$aUk$beng$cUk
=245  00$aProfessionalization of excercise physiology online$h[electronic resource]
=260  \\$aDuluth :$bAmerican Society of Excercise Physiologists,$c1998.
=336  \\$atext$2rdacontent
=337  \\$acomputer$2rdamedia
=516  \\$aPDF format
=538  \\$aMode of access: Internet
=856  \\$ahttp:www.asep.org/journals/PEPonline
=945  \\$aProfessionalization of excercise physiology online -Electronic edition-
=979  \\$aBritish Library$cDSC$j6864.224900N
=CAT  \\$a6810$b40$c20070330$lBLL01$h1436
=CAT  \\$aWR12_168$c20121206$lBLL01$h1817
=CAT  \\$aW1711-1225$c20171203$lBLL01$h1026
=FMT  \\$a  SE
=LAS  \\$aW1711-1225$b00$c20171203$lBLL01$h1026
=STA  \\$aSUPPRESSED$bunable to determine reason for suppression
=TCO  \\$aTRS$bCCC$c008

