=LDR  01033 as a22003137a 4500
=001  013708425
=003  Uk
=005  20070403121815.0
=006  m\\\\\\\\d\|\\\\\\
=007  c\||||||||||||
=008  070403c19979999xxuqr\\\s\\\\\0\\\a0eng\\
=022  \\$a1092-406X
=040  \\$aUk$beng$cUk
=245  04$aThe Internet journal of anesthesiology$h[electronic resource]
=260  \\$aHouston :$bInternet Scientific Publications,$c1996 -.
=336  \\$atext$2rdacontent
=337  \\$acomputer$2rdamedia
=516  \\$aPDF format
=538  \\$aMode of access: Internet
=856  \\$ahttp://www.ispub.com/journals/
=945  \\$aInternet journal of anesthesiology -electronic edition-
=979  \\$aBritish Library$cDSC$j9830.030000N
=CAT  \\$a5270$b40$c20070403$lBLL01$h1218
=CAT  \\$aWR12_168$c20121206$lBLL01$h1817
=CAT  \\$aW1711-1225$c20171203$lBLL01$h1026
=FMT  \\$a  SE
=LAS  \\$aW1711-1225$b00$c20171203$lBLL01$h1026
=STA  \\$aSUPPRESSED$bunable to determine reason for suppression
=TCO  \\$aTRS$bCCC$c008

