=LDR  01039 as a22003137a 4500
=001  013708439
=003  Uk
=005  20070403122518.0
=006  m\\\\\\\\d\|\\\\\\
=007  c\||||||||||||
=008  070403c20029999enkuu\\\s\\\\\0\\\a0eng\\
=022  \\$a1540-2584
=040  \\$aUk$beng$cUk
=245  04$aThe Internet journal of alternative medicine$h[electronic resource]
=260  \\$aSugar Land, :$bInternet Scientific Publications,$c2002 -.
=336  \\$atext$2rdacontent
=337  \\$acomputer$2rdamedia
=516  \\$aPDF format
=538  \\$aMode of access: Internet
=856  \\$ahttp://www.ispub.com
=945  \\$aInternet journal of alternative medicine -electronic edition-
=979  \\$aBritish Library$cDSC$j9830.031000N
=CAT  \\$a5270$b40$c20070403$lBLL01$h1225
=CAT  \\$aWR12_168$c20121206$lBLL01$h1817
=CAT  \\$aW1711-1225$c20171203$lBLL01$h1026
=FMT  \\$a  SE
=LAS  \\$aW1711-1225$b00$c20171203$lBLL01$h1026
=STA  \\$aSUPPRESSED$bunable to determine reason for suppression
=TCO  \\$aCLA$bCLA$c008

