=LDR  01040 as a22003137a 4500
=001  013711577
=003  Uk
=005  20070411094600.0
=006  m\\\\\\\\d\|\\\\\\
=007  c\||||||||||||
=008  070411c20009999xxufr\\\s\\\\\0\\\a0eng\\
=022  \\$a1528-8242
=040  \\$aUk$beng$cUk
=245  04$aThe Internet journal of surgery$h[electronic resource]
=260  \\$aSugar Land :$bInternet Scientific Publications,$c2000.
=336  \\$atext$2rdacontent
=337  \\$acomputer$2rdamedia
=516  \\$aPDF format
=538  \\$aMode of access: Internet
=856  \\$ahttp://www.ispub.com/ostia/index.php?xmlFilePath=journals/ijs/front.xml
=945  \\$aInternet journal of surgery
=979  \\$aBritish Library$cDSC$j9830.036000N
=CAT  \\$a6810$b40$c20070411$lBLL01$h0946
=CAT  \\$aWR12_168$c20121206$lBLL01$h1817
=CAT  \\$aW1711-1225$c20171203$lBLL01$h1026
=FMT  \\$a  SE
=LAS  \\$aW1711-1225$b00$c20171203$lBLL01$h1026
=STA  \\$aSUPPRESSED$bunable to determine reason for suppression
=TCO  \\$aTRS$bCCC$c008

