=LDR  00898 as a22003017a 4500
=001  013711588
=003  Uk
=005  20070411100025.0
=006  m\\\\\\\\d\|\\\\\\
=007  c\||||||||||||
=008  070411c19959999ja\uu\\\s\\\\\0\\\a0eng\\
=040  \\$aUk$beng$cUk
=245  00$aInternet TESL journal$h[electronic resource]
=260  \\$c1995.
=336  \\$atext$2rdacontent
=337  \\$acomputer$2rdamedia
=516  \\$aPDF format
=538  \\$aMode of access: Internet
=856  \\$ahttp://iteslj.org/
=945  \\$aInternet tesl journal
=979  \\$aBritish Library$cDSC$j9830.037000N
=CAT  \\$a6810$b40$c20070411$lBLL01$h1000
=CAT  \\$aWR12_168$c20121206$lBLL01$h1817
=CAT  \\$aW1711-1225$c20171203$lBLL01$h1026
=FMT  \\$a  SE
=LAS  \\$aW1711-1225$b00$c20171203$lBLL01$h1026
=STA  \\$aSUPPRESSED$bunable to determine reason for suppression
=TCO  \\$aJPN$bJAACC$c008

