=LDR  01114cas a22003257a 4500
=001  013712564
=003  Uk
=005  20230125095409.0
=006  m\\\\\\\\d\|\\\\\\
=007  c\||||||||||||
=008  070412c19979999xxufr\\\s\\\\\0\\\a0eng\\
=FMT  \\$a  SE
=022  \\$a1092-4051
=040  \\$aUk$beng$cUk
=245  04$aThe Internet journal of emergency and intensive care medicine$h[electronic resource]
=260  \\$aSugar Land :$bInternet Scientific Publications,$c1996 -.
=336  \\$atext$2rdacontent
=337  \\$acomputer$2rdamedia
=516  \\$aPDF format
=538  \\$aMode of access: Internet
=856  \\$ahttp://www.ispub.com
=945  \\$aInternet journal of emergency and intensive care medicine -electronic edition-
=979  \\$aBritish Library$cDSC$j9830.038000N
=CAT  \\$a5270$b40$c20070412$lBLL01$h1332
=CAT  \\$aWR12_168$c20121206$lBLL01$h1817
=CAT  \\$aW1711-1225$c20171203$lBLL01$h1026
=CAT  \\$a8250$b40$c20230125$lBLL01$h0954
=STA  \\$aSUPPRESSED$bunable to determine reason for suppression
=TCO  \\$aTRS$bCCC$c008
=LAS  \\$a8250$b40$c20230125$lBLL01$h0954

