=LDR  01795 as a2200493 a 4500
=001  013712819
=003  Uk
=005  20111010092309.0
=006  m\\\\\\\\d\|\\\\\\
=007  cr||||||||||||
=008  070411d20072011enkmr\p\s\\\\\0\\\a0eng\\
=015  \\$aGBA748419$2bnb
=040  \\$aUk$beng$cUk$dUk
=042  \\$aukblsr
=082  04$a333.796209405$222
=245  00$aSustainable building e-bulletin$h[electronic resource].
=246  13$aSustainablebuilding e-bulletin
=260  \\$aLondon :$bNewzeye,$c2007-2011.
=310  \\$aMonthly
=336  \\$atext$2rdacontent
=337  \\$acomputer$2rdamedia
=338  \\$aonline resource$2rdacarrier
=362  0\$a01 (11 Jan. 2007)-
=362  1\$aCeased in 2011.
=500  \\$aTitle from email PDF caption ( viewed on 11 Apr. 2007).
=538  \\$aMode of access: World Wide Web.
=538  \\$aSystem requirements: Adobe Acrobat Reader.
=580  \\$aFrom Apr. 2007 absorbs: EC Inform. Energy e-bulletin.
=650  \0$aSustainable buildings$zGreat Britain$vPeriodicals.
=650  \0$aBuildings$xEnergy conservation$zGreat Britain$vPeriodicals.
=780  15$tEC Inform. Energy e-bulletin
=856  00$ahttp://www.sustainable-build.com/$zTo subscribe
=CAT  \\$a3072$b40$c20070412$lBLL01$h1728
=CAT  \\$a3072$b40$c20070621$lBLL01$h1723
=CAT  \\$a3072$b40$c20070622$lBLL01$h1140
=CAT  \\$a8201$b40$c20111010$lBLL01$h0923
=CAT  \\$aWR14_140$c20140905$lBLL01$h1815
=CAT  \\$aW1711-1225$c20171203$lBLL01$h1026
=FIN  \\$aY$d20070622
=FMT  \\$a  SE
=LAS  \\$aW1711-1225$b00$c20171203$lBLL01$h1026
=LKR  \\$aPAR$b013451477$lBLL01$r78015$nEC inform-energy e-bulletin.$mSustainable building e-bulletin
=STA  \\$aSUPPRESSED$bunable to determine reason for suppression
=TCO  \\$aCLA$bCLA$c008

