=LDR  01133 as a22003377a 4500
=001  013713030
=003  Uk
=005  20070524145152.0
=006  m\\\\\\\\d\|\\\\\\
=007  c\||||||||||||
=008  070413c19999999xxufr\\\s\\\\\0\\\a0eng\\
=022  \\$a1532-0642
=040  \\$aUk$beng$cUk
=245  04$aThe Internet journal of asthma, allergy and immunology$h[electronic resource]
=260  \\$aSugar Land :$bInternet Scientific Publications,$c1999 -.
=336  \\$atext$2rdacontent
=337  \\$acomputer$2rdamedia
=516  \\$aPDF format
=538  \\$aMode of access: Internet
=856  \\$ahttp://www.ispub.com
=945  \\$aInternet journal of asthma, allergy and immunology
=979  \\$aBritish Library$cDSC$j9830.051000N
=CAT  \\$a5270$b40$c20070413$lBLL01$h1218
=CAT  \\$a5270$b40$c20070424$lBLL01$h1211
=CAT  \\$a8291$b40$c20070524$lBLL01$h1451
=CAT  \\$aWR12_168$c20121206$lBLL01$h1817
=CAT  \\$aW1711-1225$c20171203$lBLL01$h1026
=FMT  \\$a  SE
=LAS  \\$aW1711-1225$b00$c20171203$lBLL01$h1026
=STA  \\$aSUPPRESSED$bunable to determine reason for suppression
=TCO  \\$aTRS$bCCC$c008

