=LDR  00951 as a22003017a 4500
=001  013728946
=003  Uk
=005  20070423143418.0
=006  m\\\\\\\\d\|\\\\\\
=007  c\||||||||||||
=008  070423c19969999xxudn\\\s\\\\\0\\\a0eng\\
=040  \\$aUk$beng$cUk
=245  00$aScienceNow$h[electronic resource]
=260  \\$aWashington :$bAmerican Association for the Advancement 0f Science,$c1996 -.
=336  \\$atext$2rdacontent
=337  \\$acomputer$2rdamedia
=516  \\$aPDF format
=538  \\$aMode of access: Internet
=856  \\$ahttp://www.sciencenow.org
=945  \\$aSciencenow
=979  \\$aBritish Library$cDSC$j8165.450000N
=CAT  \\$a5270$b40$c20070423$lBLL01$h1434
=CAT  \\$aWR12_168$c20121206$lBLL01$h1817
=CAT  \\$aW1711-1225$c20171203$lBLL01$h1026
=FMT  \\$a  SE
=LAS  \\$aW1711-1225$b00$c20171203$lBLL01$h1026
=STA  \\$aSUPPRESSED$bunable to determine reason for suppression
=TCO  \\$aTRS$bCCC$c008

