=LDR  01343 am a2200397 a 4500
=001  013729388
=003  Uk
=005  20070521114907.0
=006  m\\\\|\\\d\|\\\\\\
=007  cr||||||||||||
=008  070424s2007\\\\enk\\\\\s\\\\\000\0\eng\\
=015  \\$aGBA738297$2bnb
=020  \\$a9781852619961 :$cNo price
=040  \\$aUk$beng$cUk
=042  \\$aukblsr
=082  04$a305.409421$222
=245  00$aWomen in London$h[electronic resource] :$bcapitalwoman 2007.
=260  \\$aLondon :$bGreater London Authority,$c2007.
=336  \\$atext$2rdacontent
=337  \\$acomputer$2rdamedia
=338  \\$aonline resource$2rdacarrier
=500  \\$aTitle from PDF title page (viewed on 21 May, 2007).
=516  \\$aPDF format.
=538  \\$aMode of access: World Wide Web.
=538  \\$aSystem requirements: Adobe Acrobat Reader.
=650  \0$aWomen$zEngland$zLondon.
=710  2\$aGreater London Authority.
=856  40$ahttp://www.london.gov.uk/capitalwoman/docs/women-in-london-2007.pdf
=CAT  \\$a6524$b40$c20070424$lBLL01$h0919
=CAT  \\$a6524$b40$c20070424$lBLL01$h0920
=CAT  \\$a7332$b40$c20070521$lBLL01$h1149
=CAT  \\$aW1711-1225$c20171203$lBLL01$h1026
=FIN  \\$aY$d20070521
=FMT  \\$a  BK
=LAS  \\$aW1711-1225$b00$c20171203$lBLL01$h1026
=STA  \\$aSUPPRESSED$bunable to determine reason for suppression

