=LDR  00987 as a22003137a 4500
=001  013732495
=003  Uk
=005  20070426122759.0
=006  m\\\\\\\\d\|\\\\\\
=007  c|||||||||||||
=008  070426c19999999nz\uu\\\s\\\\\0\\\a0eng\\
=022  \\$a1175-0928
=040  \\$aUk$beng$cUk
=245  00$aHealthcare review online. Experience in practice$h[electronic resource]
=260  \\$aAuckland :$bEnigma Pub,$c1999-.
=336  \\$atext$2rdacontent
=337  \\$acomputer$2rdamedia
=516  \\$aPDF format
=538  \\$aMode of access: Internet
=856  \\$ahttp:hcro.enigma.co.nz/eip/
=945  \\$aHealthcare review online
=979  \\$aBritish Library$cDSC$j9830.047000N
=CAT  \\$a6490$b40$c20070426$lBLL01$h1228
=CAT  \\$aWR12_168$c20121206$lBLL01$h1817
=CAT  \\$aW1711-1225$c20171203$lBLL01$h1026
=FMT  \\$a  SE
=LAS  \\$aW1711-1225$b00$c20171203$lBLL01$h1026
=STA  \\$aSUPPRESSED$bunable to determine reason for suppression
=TCO  \\$aNZL$bCLL$c008

