=LDR  01281 as a22003257a 4500
=001  013732617
=003  Uk
=005  20070426141022.0
=006  m\\\\\\\\d\|\\\\\\
=007  c\||||||||||||
=008  070426c20079999dk\uu\\\s\\\\\0\\\a0eng\\
=040  \\$aUk$beng$cUk
=245  00$aDiscussion papers - Centre for Industrial Economics, Institute of Economics, University of Copenhagen$h[electronic resource]
=260  \\$aCopenhagen :$bCentre for Industrial Economics, Institute of Economics, University of Copenhagen.,$c2007 -.
=336  \\$atext$2rdacontent
=337  \\$acomputer$2rdamedia
=516  \\$aPDF format
=538  \\$aMode of access: Internet
=595  \\$aformerly 3597.121400.
=856  \\$ahttp://www.econ.ku.dk/Research/Publications
=945  \\$aDiscussion papers- Centre for Industrial Economics Institute of Economics University of Copenhagen -electronic edition-
=979  \\$aBritish Library$cDSC$j3597.121405N
=CAT  \\$a5270$b40$c20070426$lBLL01$h1409
=CAT  \\$a5270$b40$c20070426$lBLL01$h1410
=CAT  \\$aWR12_168$c20121206$lBLL01$h1836
=CAT  \\$aW1711-1225$c20171203$lBLL01$h1026
=FMT  \\$a  SE
=LAS  \\$aW1711-1225$b00$c20171203$lBLL01$h1026
=STA  \\$aSUPPRESSED$bunable to determine reason for suppression
=TCO  \\$aXXX$c008

