=LDR  00989 as a22003137a 4500
=001  013739151
=003  Uk
=005  20070504125454.0
=006  m\\\\\\\\d\|\\\\\\
=007  c|||||||||||||
=008  070504c20029999sz\mr\\\s\\\\\0\\\a0eng\\
=022  \\$a1422-8599
=040  \\$aUk$beng$cUk
=245  00$aMolbank$h[electronic resource]
=260  \\$aBasel :$bMolecular Diversity Preservation International,$c2002-.
=336  \\$atext$2rdacontent
=337  \\$acomputer$2rdamedia
=516  \\$aPDF format
=538  \\$aMode of access: Internet
=856  \\$ahttp://www.mdpi.net/molbank/index.htm
=945  \\$aMolbank -Basel-
=979  \\$aBritish Library$cDSC$j5900.748500N
=CAT  \\$a6490$b40$c20070504$lBLL01$h1254
=CAT  \\$aWR12_168$c20121206$lBLL01$h1818
=CAT  \\$aW1711-1225$c20171203$lBLL01$h1026
=FMT  \\$a  SE
=LAS  \\$aW1711-1225$b00$c20171203$lBLL01$h1026
=STA  \\$aSUPPRESSED$bunable to determine reason for suppression
=TCO  \\$aCHE$bPRO LITTERIS$c008

