=LDR  02115 as a2200577 a 4500
=001  013739391
=003  Uk
=005  20120326122600.0
=006  m\\\\\\\\d\|\\\\\\
=007  cr||||||||||||
=008  070504d200u2006enkfr\p\o\\\\\0\\\a0eng\\
=015  \\$aGBA738674$2bnb
=022  0\$a1754-8144$y1469-0306$202
=040  \\$aUk$beng$cUk$dUk
=042  \\$aukblsr$aissnuk
=082  04$a011.63$222
=130  0\$aNLB read on magazine (Online)
=222  \0$aNLB read on magazine$b(Online)
=245  10$aNLB read on magazine$h[electronic resource].
=246  3\$aNational Library for the Blind read on magazine
=246  13$aNLB read on
=260  \\$aStockport :$bNational Library for the Blind
=310  \\$aSemiannual
=336  \\$atext$2rdacontent
=337  \\$acomputer$2rdamedia
=338  \\$aonline resource$2rdacarrier
=500  \\$aDescription based on: Issue 2 (2006); title from email HTML caption.
=538  \\$aMode of access: World Wide Web.
=650  \0$aBlind$xBooks and reading$vPeriodicals.
=710  2\$aNational Library for the Blind.
=776  0\$tNLB read on magazine$x1476-2501
=785  00$tRead on (Stockport, England : 2007 : Online)
=856  4\$ahttp://www.nlb-online.org/mod.php?mod=userpage&menu=36&page_id=223#content
=CAT  \\$a3072$b40$c20070504$lBLL01$h1557
=CAT  \\$a3072$b40$c20070504$lBLL01$h1642
=CAT  \\$a3072$b40$c20070515$lBLL01$h1653
=CAT  \\$a3072$b40$c20070522$lBLL01$h1354
=CAT  \\$a3072$b40$c20070522$lBLL01$h1400
=CAT  \\$a3072$b40$c20070522$lBLL01$h1407
=CAT  \\$a3072$b40$c20070704$lBLL01$h1109
=CAT  \\$a3072$b40$c20070912$lBLL01$h1208
=CAT  \\$aISSN$b40$c20080325$lBLL01$h1401
=CAT  \\$a8201$b40$c20120326$lBLL01$h1226
=CAT  \\$aWR14_140$c20140905$lBLL01$h1815
=CAT  \\$aW1711-1225$c20171203$lBLL01$h1026
=FIN  \\$aY$d20070522
=FMT  \\$a  SE
=LAS  \\$aW1711-1225$b00$c20171203$lBLL01$h1026
=LKR  \\$aPAR$b012088284$lBLL01$nNLB read on magazine$mNLB read on magazine$r776
=STA  \\$aSUPPRESSED$bunable to determine reason for suppression
=TCO  \\$aCLA$bCLA$c008

