=LDR  01093 as a22003137a 4500
=001  013748018
=003  Uk
=005  20070517091639.0
=006  m\\\\\\\\d\|\\\\\\
=007  c\||||||||||||
=008  070517c20009999ii\fr\\\s\\\\\0\\\a0eng\\
=022  \\$a0972-8074
=040  \\$aUk$beng$cUk
=245  00$aAnil Aggrawal's Internet Journal of Forensic Medicine and Toxicology (Online)$h[electronic resource]
=260  \\$aNew Delhi :$bAnil Aggrawal,$c2000.
=336  \\$atext$2rdacontent
=337  \\$acomputer$2rdamedia
=516  \\$aPDF format
=538  \\$aMode of access: Internet
=856  \\$ahttp://anil299.tripod.com/indexpapers.html
=945  \\$aAnil Aggrawals internet journal of forensic medicine and toxicology -Electronic edition-
=979  \\$aBritish Library$cDSC$j0902.918800N
=CAT  \\$a6810$b40$c20070517$lBLL01$h0916
=CAT  \\$aWR12_168$c20121206$lBLL01$h1818
=CAT  \\$aW1711-1225$c20171203$lBLL01$h1026
=FMT  \\$a  SE
=LAS  \\$aW1711-1225$b00$c20171203$lBLL01$h1026
=STA  \\$aSUPPRESSED$bunable to determine reason for suppression
=TCO  \\$aXXX$c008

