=LDR  01195 as a22003377a 4500
=001  013748177
=003  Uk
=005  20070612151906.0
=006  m\\\\\\\\d\|\\\\\\
=007  c\||||||||||||
=008  070517d20042005xxuqr\\\s\\\\\0\\\a0eng\\
=022  \\$a1551-8221
=040  \\$aUk$beng$cUk
=245  00$aJournal of the American Medical Women's Association(online)$h[electronic resource]
=260  \\$aAlexandria :$bAmerican Medical Women's Association,$c2004.
=336  \\$atext$2rdacontent
=337  \\$acomputer$2rdamedia
=516  \\$aPDF format
=538  \\$aMode of access: Internet
=595  \\$aFormerly 4689.1.
=856  \\$ahttp://www.jamwa.org/index.cfm?objectid=2B5170D1-D567-0B25-5AF5B9A5D3FEF81A
=945  \\$aJournal- American medical womens association -Electronic edition-
=979  \\$aBritish Library$cDSC$j4689.101000N
=CAT  \\$a6810$b40$c20070517$lBLL01$h1041
=CAT  \\$a6810$b40$c20070612$lBLL01$h1519
=CAT  \\$aWR12_168$c20121206$lBLL01$h1836
=CAT  \\$aW1711-1225$c20171203$lBLL01$h1026
=FMT  \\$a  SE
=LAS  \\$aW1711-1225$b00$c20171203$lBLL01$h1026
=STA  \\$aSUPPRESSED$bunable to determine reason for suppression
=TCO  \\$aTRS$bCCC$c008

