=LDR  00984 as a22003137a 4500
=001  013759851
=003  Uk
=005  20070604140307.0
=006  m\\\\\\\\d\|\\\\\\
=007  c\||||||||||||
=008  070604c19uu9999ne\qr\\\s\\\\\0\\\a0eng\\
=022  \\$a1574-0404
=040  \\$aUk$beng$cUk
=245  00$aComputing Letters$h[electronic resource]
=260  \\$aLeiden :$bBrill Academic Publishers.
=336  \\$atext$2rdacontent
=337  \\$acomputer$2rdamedia
=516  \\$aPDF format
=538  \\$aMode of access: Internet
=856  \\$ahttp://www.brill.nl
=945  \\$aComputing Letters -electronic edition-
=979  \\$aBritish Library$cDSC$j3395.075000N
=CAT  \\$a5270$b40$c20070604$lBLL01$h1403
=CAT  \\$aWR12_168$c20121206$lBLL01$h1818
=CAT  \\$aW1711-1225$c20171203$lBLL01$h1026
=FMT  \\$a  SE
=LAS  \\$aW1711-1225$b00$c20171203$lBLL01$h1026
=STA  \\$aSUPPRESSED$bunable to determine reason for suppression
=TCO  \\$aNLD$bSTICHTING REPRORECHT$c008

