=LDR  01103 as a22003257a 4500
=001  013760323
=003  Uk
=005  20070605094211.0
=006  m\\\\\\\\d\|\\\\\\
=007  c\||||||||||||
=008  070605c20069999ii\fr\\\s\\\\\0\\\a0eng\\
=022  \\$a0973-5119
=040  \\$aUk$beng$cUk
=245  00$aJournal of mathematical analysis and approximation theory$h[electronic resource]
=260  \\$aNew Delhi :$bSerials Publications,$c2006 -.
=336  \\$atext$2rdacontent
=337  \\$acomputer$2rdamedia
=516  \\$aPDF format
=538  \\$aMode of access: Internet
=856  \\$ahttp://www.serialspub.com
=945  \\$aJournal of mathematical analysis and approximation theory -electronic edition-
=979  \\$aBritish Library$cDSC$j5012.360000N
=CAT  \\$a5270$b40$c20070605$lBLL01$h0922
=CAT  \\$a5270$b40$c20070605$lBLL01$h0942
=CAT  \\$aWR12_168$c20121206$lBLL01$h1818
=CAT  \\$aW1711-1225$c20171203$lBLL01$h1026
=FMT  \\$a  SE
=LAS  \\$aW1711-1225$b00$c20171203$lBLL01$h1026
=STA  \\$aSUPPRESSED$bunable to determine reason for suppression
=TCO  \\$aXXX$c008

