=LDR  01016 as a22003137a 4500
=001  013764858
=003  Uk
=005  20070608141133.0
=006  m\\\\\\\\d\|\\\\\\
=007  c\||||||||||||
=008  070608c20049999ne\uu\\\s\\\\\0\\\a0und\\
=040  \\$aUk$beng$cUk
=245  00$aTDM$h[electronic resource]
=246  10$aTransnational dispute management
=260  \\$aLeidschendam :$bMaris,$c2004 -.
=336  \\$atext$2rdacontent
=337  \\$acomputer$2rdamedia
=516  \\$aPDF format
=538  \\$aMode of access: Internet
=856  \\$ahttp://www.transnational-dispute-management.com/
=945  \\$aTDM -Leidschendam-electronic edition-
=979  \\$aBritish Library$cDSC$j8612.585300N
=CAT  \\$a5270$b40$c20070608$lBLL01$h1411
=CAT  \\$aWR12_168$c20121206$lBLL01$h1818
=CAT  \\$aW1711-1225$c20171203$lBLL01$h1026
=FMT  \\$a  SE
=LAS  \\$aW1711-1225$b00$c20171203$lBLL01$h1026
=STA  \\$aSUPPRESSED$bunable to determine reason for suppression
=TCO  \\$aNLD$bSTICHTING REPRORECHT$c008

