=LDR  01014 as a22003137a 4500
=001  013777178
=003  Uk
=005  20070625153313.0
=006  m\\\\\\\\d\|\\\\\\
=007  c\||||||||||||
=008  070625c20069999at\mr\\\s\\\\\0\\\a0eng\\
=022  \\$a1833-1866
=040  \\$aUk$beng$cUk
=245  00$aInternational Journal of the Arts in Society$h[electronic resource]
=260  \\$bCommon Ground,$c2006.
=336  \\$atext$2rdacontent
=337  \\$acomputer$2rdamedia
=516  \\$aPDF format
=538  \\$aMode of access: Internet
=856  \\$ahttp://www.arts-journal.com
=945  \\$aInternational journal of the arts in society -ELECTRONIC EDITION-
=979  \\$aBritish Library$cDSC$j4542.105600N
=CAT  \\$a6810$b40$c20070625$lBLL01$h1533
=CAT  \\$aWR12_168$c20121206$lBLL01$h1818
=CAT  \\$aW1711-1225$c20171203$lBLL01$h1026
=FMT  \\$a  SE
=LAS  \\$aW1711-1225$b00$c20171203$lBLL01$h1026
=STA  \\$aSUPPRESSED$bunable to determine reason for suppression
=TCO  \\$aAUS$bCAL$c008

