=LDR  02728 as a2200637 a 4500
=001  013780078
=003  Uk
=005  20140127095706.0
=006  m\\\\\\\\d\|\\\\\\
=007  cr||||||||||||
=008  070627d200u201unikar\p\o\\\\\0\\\a0eng\\
=015  \\$aGBA750214$2bnb
=040  \\$aUk$beng$cUk$dUk
=042  \\$aukblsr
=082  04$a362.10941605$222
=110  1\$aNorthern Ireland.$bDepartment of Health, Social Services, and Public Safety.
=240  10$aPriorites for action (Online)
=245  10$aPriorities for action ...$h[electronic resource] /$cNorthern Ireland. Dept. of Health, Social Services, and Public Safety.
=246  13$aPlanning priorities and actions for the health and personal social services
=246  13$aPlanning framework for the HPSS
=246  13$aPlanning framework for the health and personal social services
=260  \\$a[Belfast] :$bDept. of Health, Social Services, and Public Safety
=310  \\$aAnnual
=336  \\$atext$2rdacontent
=337  \\$acomputer$2rdamedia
=338  \\$aonline resource$2rdacarrier
=500  \\$aSubtitle varies; web site title varies.
=500  \\$aDescription based on: 2004/2005 issue; title from PDF t.p. (publisher's web site, viewed on 26 June 2007).
=500  \\$aLatest issue consulted: 2007/08
=516  \\$aIn PDF and WORD formats.
=538  \\$aMode of access: World Wide Web.
=538  \\$aSystem requirements: Adobe Acrobat Reader.
=580  \\$aContinues print publication.
=650  \0$aHealth planning$zNorthern Ireland$vPeriodicals.
=650  \0$aPublic welfare$zNorthern Ireland$vPeriodicals.
=780  10$aNorthern Ireland. Dept. of Health, Social Services, and Public Safety.$tPriorities for action
=856  40$zhttp://www.dhsspsni.gov.uk/priorities_for_action$zFollow links to resource
=985  \\$aRecord amended for WR# 13/070
=CAT  \\$a3072$b40$c20070627$lBLL01$h1653
=CAT  \\$a3072$b40$c20070627$lBLL01$h1654
=CAT  \\$a3072$b40$c20070628$lBLL01$h1008
=CAT  \\$aBATCH-UPD$b40$c20070702$lBLL01$h1815
=CAT  \\$a3072$b40$c20100324$lBLL01$h1443
=CAT  \\$a3072$b40$c20100324$lBLL01$h1445
=CAT  \\$a3072$b40$c20100324$lBLL01$h1453
=CAT  \\$a3072$b40$c20100324$lBLL01$h1454
=CAT  \\$aWR13_070$b00$c20130504$lBLL01$h0253
=CAT  \\$a8201$b40$c20140127$lBLL01$h0957
=CAT  \\$aWR14_140$c20140905$lBLL01$h1815
=CAT  \\$aW1711-1225$c20171203$lBLL01$h1026
=FIN  \\$aY$d20070627
=FMT  \\$a  SE
=LAS  \\$aW1711-1225$b00$c20171203$lBLL01$h1026
=LKR  \\$aPAR$b007870864$lBLL01$r78010$mPriorities for action (Online)$nPRIORITIES FOR ACTION (Print)
=STA  \\$aSUPPRESSED$bunable to determine reason for suppression
=TCO  \\$aCLA$bCLA$c008

