=LDR  01466 as a22004097a 4500
=001  013791083
=003  Uk
=005  20120905163911.0
=006  m\\\\\\\\d\|\\\\\\
=007  cr||||||||||||
=008  070711d2007200uenkuu\p\s\\\\\0\\\a0eng\\
=040  \\$aUk$beng$cUk
=245  00$aEuropean legal information service briefing$h[electronic resource].
=260  \\$aMiddlesbrough :$bTees Valley Joint Strategy Unit,$c2007-
=336  \\$atext$2rdacontent
=337  \\$acomputer$2rdamedia
=338  \\$aonline resource$2rdacarrier
=362  0\$aIssue 1 (June 2007)-
=362  1\$aCeased in 2008?
=500  \\$aTitle from PDF caption (email sent 05/07/2007).
=538  \\$aMode of access: email.
=538  \\$aSystem requirements: Adobe Acrobat Reader.
=550  \\$aSupported by UK Trade & Investment.
=650  \0$aSmall business$zEuropean Union countries$xLaw and legislation$vPeriodicals.
=710  2\$aTees Valley Joint Strategy Unit.
=710  2\$aUK Trade & Investment.
=856  00$ajsu@teesvalley-jsu.gov.uk$zTo subscribe
=CAT  \\$a3072$b40$c20070711$lBLL01$h1518
=CAT  \\$a3072$b40$c20070711$lBLL01$h1555
=CAT  \\$a8201$b40$c20110628$lBLL01$h0836
=CAT  \\$a10932$b40$c20120905$lBLL01$h1639
=CAT  \\$aW1711-1225$c20171203$lBLL01$h1026
=FIN  \\$aY$d20070711
=FMT  \\$a  SE
=LAS  \\$aW1711-1225$b00$c20171203$lBLL01$h1026
=STA  \\$aSUPPRESSED$bunable to determine reason for suppression
=TCO  \\$aCLA$bCLA$c008

