=LDR  00992 as a22003137a 4500
=001  013801722
=003  Uk
=005  20070725154550.0
=006  m\\\\\\\\d\|\\\\\\
=007  c\||||||||||||
=008  070725c20069999xxuqr\\\s\\\\\0\\\a0eng\\
=022  \\$a1559-5749
=040  \\$aUk$beng$cUk
=245  00$aEmpirical musicology review$h[electronic resource]
=260  \\$aOhio :$bOhio State University,$c2006.
=336  \\$atext$2rdacontent
=337  \\$acomputer$2rdamedia
=516  \\$aPDF format
=538  \\$aMode of access: Internet
=856  \\$ahttp://emusicology.org/
=945  \\$aEmpirical musicology review -ELECTRONIC EDITION-
=979  \\$aBritish Library$cDSC$j3737.019000N
=CAT  \\$a6810$b40$c20070725$lBLL01$h1545
=CAT  \\$aWR12_168$c20121206$lBLL01$h1818
=CAT  \\$aW1711-1225$c20171203$lBLL01$h1027
=FMT  \\$a  SE
=LAS  \\$aW1711-1225$b00$c20171203$lBLL01$h1027
=STA  \\$aSUPPRESSED$bunable to determine reason for suppression
=TCO  \\$aTRS$bCCC$c008

