=LDR  01800 am a2200445 a 4500
=001  015339563
=003  Uk
=005  20130327151226.0
=006  m\\\\|\\\d\|\\\\\\
=007  cr\|||||||||||
=008  120714s2009\\\\stk\\\\\ob\\\o000\0\eng\d
=015  \\$aGBB330780$2bnb
=040  \\$aIiNdDKA$beng$cIiNdDKA
=042  \\$aukblsr
=043  \\$ae-uk-st
=082  04$a338.19411$223
=245  00$aFood security$h[electronic resource] :$bthe role for the Scottish Government in ensuring continuity of food supply to and within Scotland and access to affordable food : report from a think tank held on 3-4th March 2009.
=260  \\$a[Edinburgh] :$bScottish Government, Rural and Environment Research and Analysis Directorate,$c2009.
=300  \\$a1 online resource (34 p.)
=336  \\$atext$2rdacontent
=337  \\$acomputer$2rdamedia
=338  \\$aonline resource$2rdacarrier
=500  \\$aTitle from PDF title page (viewed on July 14, 2012).
=504  \\$aIncludes bibliographical references (p. 29).
=650  \0$aFood supply$xGovernment policy$zScotland.
=650  \0$aFood industry and trade$zScotland.
=650  \0$aAgriculture and state$zScotland.
=710  1\$aScotland.$bRural and Environment Research and Analysis Directorate.
=856  40$ahttp://www.scotland.gov.uk/Resource/Doc/277261/0083248.pdf
=985  \\$aNETCAT record
=CAT  \\$a10902$b40$c20090731$lBLL01$h1558
=CAT  \\$a10902$b40$c20090731$lBLL01$h1559
=CAT  \\$a7164$b40$c20120315$lBLL01$h1046
=CAT  \\$aBATCH-SURR$b00$c20130327$lBLL01$h1510
=CAT  \\$aW1711-1225$c20171203$lBLL01$h1034
=FIN  \\$aY$d20130327
=FMT  \\$a  BK
=LAS  \\$aW1711-1225$b00$c20171203$lBLL01$h1034
=SRC  \\$aNETCAT$be2262.mrc.20130327
=STA  \\$aSUPPRESSED$bunable to determine reason for suppression

