=LDR  01846 am a2200493 a 4500
=001  015362927
=003  Uk
=005  20091027130305.0
=006  m\\\\|\\\d\|\\\\\\
=007  cr||||||||||||
=008  090902s2000\\\\enk||||\sb\\\\000\0\eng\\
=015  \\$aGBA9A3410$2bnb
=020  \\$z0749235357 :$cNo price
=040  \\$aUk$beng$cUk
=042  \\$aukblsr
=082  04$a658.8343$222
=100  1\$aDe Chernatony, Leslie,$d1953-
=245  14$aThe challenge of financial services branding$h[electronic resource] :$bmajoring on category or brand values? /$cLeslie de Chernatony and Fiona Harris.
=260  \\$aMilton Keynes :$bOpen University Business School,$c2000.
=300  \\$a9 p. :$bdigital, PDF file.
=336  \\$atext$2rdacontent
=337  \\$acomputer$2rdamedia
=338  \\$aonline resource$2rdacarrier
=500  \\$aTitle from PDF title page (viewed on 27 Oct., 2009).
=500  \\$aPublisher's no.: 00/6.
=504  \\$aIncludes bibliographical references.
=538  \\$aMode of access: World Wide Web.
=538  \\$aSystem requirements: Adobe Acrobat Reader.
=650  \0$aBrand name products.
=650  \0$aFinancial services industry$xTrademarks.
=700  1\$aHarris, Fiona J.$q(Fiona Jane),$d1967-
=856  40$ahttp://www7.open.ac.uk/oubs/research/pdf/WP00_6.pdf
=CAT  \\$a10902$b40$c20090902$lBLL01$h1102
=CAT  \\$a12181$b40$c20091026$lBLL01$h1543
=CAT  \\$a12181$b40$c20091027$lBLL01$h1249
=CAT  \\$a12181$b40$c20091027$lBLL01$h1259
=CAT  \\$a12181$b40$c20091027$lBLL01$h1301
=CAT  \\$a12181$b40$c20091027$lBLL01$h1302
=CAT  \\$a12181$b40$c20091027$lBLL01$h1303
=CAT  \\$aW1711-1225$c20171203$lBLL01$h1034
=FIN  \\$aY$d20091027
=FMT  \\$a  BK
=LAS  \\$aW1711-1225$b00$c20171203$lBLL01$h1034
=STA  \\$aSUPPRESSED$bunable to determine reason for suppression

