=LDR  02144 am a2200541 a 4500
=001  015363634
=003  Uk
=005  20100209111507.0
=008  090903s2009\\\\stk||||\s\\\\o000\0\eng\\
=015  \\$aGBB013066$2bnb
=020  \\$z9780755975839
=040  \\$aUk$beng$cUk
=042  \\$aukblsr
=082  04$a333.78309411$222
=100  1\$aMulholland, Shona.
=245  10$aConsultation on the key findings and recommendations from the National Parks Review$h[electronic resource] :$banalysis of consultation responses /$cShona Mulholland, Sue Granville and Lisa Emslie.
=260  \\$aEdinburgh :$bScottish Government Social Research,$c2009.
=300  \\$a4 p. :$bdigital, PDF file.
=336  \\$atext$2rdacontent
=337  \\$acomputer$2rdamedia
=338  \\$aonline resource$2rdacarrier
=490  1\$aResearch findings ;$vno. 8/2009
=500  \\$aTitle from PDF title page (viewed on 3 Feb., 2010).
=500  \\$a"Agriculture, fisheries and rural affairs".
=538  \\$aMode of access: World Wide Web.
=538  \\$aSystem requirements: Adobe Acrobat Reader.
=650  \0$aNational parks and reserves$zScotland.
=700  1\$aGranville, Sue.
=700  1\$aEmslie, Lisa.
=710  2\$aGeorge Street Research Ltd.
=710  1\$aScotland.$bSocial Research.
=710  1\$aScotland.$bScottish Government.
=710  1\$aGreat Britain.$bTreasury.$bGovernment Social Research Unit.
=830  \0$aResearch findings (Scotland. Social Research) ;$vno. 8/2009.
=856  40$ahttp://www.scotland.gov.uk/Resource/Doc/278882/0083940.pdf
=CAT  \\$a10902$b40$c20090903$lBLL01$h1435
=CAT  \\$a10902$b40$c20090903$lBLL01$h1437
=CAT  \\$a12181$b40$c20100203$lBLL01$h1024
=CAT  \\$a12181$b40$c20100203$lBLL01$h1033
=CAT  \\$a12181$b40$c20100203$lBLL01$h1036
=CAT  \\$a12181$b40$c20100209$lBLL01$h1115
=CAT  \\$aWR14_185$c20160214$lBLL01$h1233
=CAT  \\$aWR14_185$c20160214$lBLL01$h1239
=CAT  \\$aW1711-1225$c20171203$lBLL01$h1034
=FIN  \\$aY$d20100203
=FMT  \\$a  BK
=LAS  \\$aW1711-1225$b00$c20171203$lBLL01$h1034
=STA  \\$aSUPPRESSED$bunable to determine reason for suppression

