=LDR  01831 am a2200481 a 4500
=001  015364176
=003  Uk
=005  20100215142407.0
=006  m\\\\|\\\d\|\\\\\\
=007  cr||||||||||||
=008  090904s2009\\\\enk||||\sb\\\\000\0\eng\\
=015  \\$aGBB026951$2bnb
=020  \\$z9780853283416
=040  \\$aUk$beng$cUk
=042  \\$aukblsr
=082  04$a382.9$222
=100  1\$aChen, Natalie.
=245  10$aInternational trade integration$h[electronic resource] :$ba disaggregated approach /$cNatalie Chen and Dennis Novy.
=260  \\$aLondon :$bCentre for Economic Performance Publications Unit,$c2009.
=300  \\$a45 p. :$bdigital, PDF file.
=336  \\$atext$2rdacontent
=337  \\$acomputer$2rdamedia
=338  \\$aonline resource$2rdacarrier
=490  0\$aCEP Discussion paper ;$vno. 908
=500  \\$aTitle from PDF title page (viewed on 15 Feb., 2010).
=504  \\$aIncludes bibliographical references.
=538  \\$aMode of access: World Wide Web.
=538  \\$aSystem requirements: Adobe Acrobat Reader.
=650  \0$aInternational trade$xEconometric models.
=650  \0$aInternational economic integration$xEconometric models.
=700  1\$aNovy, Dennis.
=710  2\$aEconomic and Social Research Council (Great Britain)
=710  2\$aLondon School of Economics and Political Science.$bCentre for Economic Performance.
=856  40$ahttp://cep.lse.ac.uk/pubs/download/dp0908.pdf
=CAT  \\$a10902$b40$c20090904$lBLL01$h1437
=CAT  \\$a10902$b40$c20090904$lBLL01$h1439
=CAT  \\$a12181$b40$c20100215$lBLL01$h1422
=CAT  \\$a12181$b40$c20100215$lBLL01$h1424
=CAT  \\$aW1711-1225$c20171203$lBLL01$h1034
=FIN  \\$aY$d20100215
=FMT  \\$a  BK
=LAS  \\$aW1711-1225$b00$c20171203$lBLL01$h1034
=STA  \\$aSUPPRESSED$bunable to determine reason for suppression

