=LDR  01824 am a2200493 a 4500
=001  015365551
=003  Uk
=005  20110816114232.0
=006  m\\\\|\\\d\|\\\\\\
=007  cr||||||||||||
=008  090908s2006\\\\enk||||\sb\\\\000\0\eng\\
=015  \\$aGBA9A5294$2bnb
=040  \\$aUk$beng$cUk
=042  \\$aukblsr
=082  04$a338.477$222
=100  1\$aParker, Simon,$d1977-
=245  10$aProvocation: inclusion, innovation and democracy$h[electronic resource] :$bgrowing talent for the creative and cultural industries /$cSimon Parker, Charlie Tims and Shelagh Wright.
=260  \\$aLondon :$bDemos,$c2006.
=300  \\$a17 p. :$bdigital, PDF file.
=336  \\$atext$2rdacontent
=337  \\$acomputer$2rdamedia
=338  \\$aonline resource$2rdacarrier
=500  \\$aTitle from PDF title page (viewed on 3 Nov., 2009).
=504  \\$aIncludes bibliographical references.
=538  \\$aMode of access: World Wide Web.
=538  \\$aSystem requirements: Adobe Acrobat Reader.
=650  \0$aMinorities in art.
=650  \0$aMinorities$xEmployment$zGreat Britain.
=650  \0$aCultural industries$zGreat Britain.
=650  \0$aCultural pluralism$zGreat Britain.
=700  1\$aTims, Charlie.
=700  1\$aWright, Shelagh.
=710  2\$aDemos (Organization : London, England)
=856  40$ahttp://www.demos.co.uk/files/creative_race_finalweb.pdf
=CAT  \\$a10902$b40$c20090908$lBLL01$h1202
=CAT  \\$a12181$b40$c20091102$lBLL01$h1806
=CAT  \\$a12181$b40$c20091103$lBLL01$h1127
=CAT  \\$a12181$b40$c20091103$lBLL01$h1130
=CAT  \\$a7332$b40$c20110816$lBLL01$h1142
=CAT  \\$aW1711-1225$c20171203$lBLL01$h1034
=FIN  \\$aY$d20091103
=FMT  \\$a  BK
=LAS  \\$aW1711-1225$b00$c20171203$lBLL01$h1034
=STA  \\$aSUPPRESSED$bunable to determine reason for suppression

