=LDR  01843 am a2200481 a 4500
=001  015372600
=003  Uk
=005  20110816114416.0
=006  m\\\\|\\\d\|\\\\\\
=007  cr||||||||||||
=008  090916s2008\\\\enk||||\sb\\\\000\0\eng\\
=015  \\$aGBA9A3730$2bnb
=020  \\$z9781841801995 :$cNo price
=040  \\$aUk$beng$cUk
=042  \\$aukblsr
=082  04$a320.80941$222
=245  00$aState of trust$h[electronic resource] :$bhow to build better relationships between councils and the public /$cSimon Parker ... [et al.].
=246  30$aHow to build better relationships between councils and the public
=260  \\$aLondon :$bDemos,$c2008.
=300  \\$a77 p. :$bdigital, PDF file.
=336  \\$atext$2rdacontent
=337  \\$acomputer$2rdamedia
=338  \\$aonline resource$2rdacarrier
=500  \\$aTitle from PDF title page (viewed on 27 Oct., 2009).
=504  \\$aIncludes bibliographical references.
=538  \\$aMode of access: World Wide Web.
=538  \\$aSystem requirements: Adobe Acrobat Reader.
=650  \0$aCity councils$zGreat Britain.
=650  \0$aLocal government$xPublic relations$zGreat Britain.
=650  \0$aMunicipal government$xPublic relations$zGreat Britain.
=700  1\$aParker, Simon,$d1977-
=710  2\$aDemos (Organization : London, England)
=856  40$ahttp://www.demos.co.uk/files/Trust_web_ALL%20_032.pdf?1240939425
=CAT  \\$a10902$b40$c20090916$lBLL01$h1332
=CAT  \\$a12181$b40$c20091027$lBLL01$h1615
=CAT  \\$a12181$b40$c20091027$lBLL01$h1723
=CAT  \\$a12181$b40$c20091028$lBLL01$h1438
=CAT  \\$a7332$b40$c20110816$lBLL01$h1144
=CAT  \\$aW1711-1225$c20171203$lBLL01$h1034
=FIN  \\$aY$d20091027
=FMT  \\$a  BK
=LAS  \\$aW1711-1225$b00$c20171203$lBLL01$h1034
=STA  \\$aSUPPRESSED$bunable to determine reason for suppression

