=LDR  01984 am a2200529 a 4500
=001  015372611
=003  Uk
=005  20091021114910.0
=006  m\\\\|\\\d\|\\\\\\
=007  cr||||||||||||
=008  090916s2008\\\\enk||||\sb\\\\000\0\eng\\
=015  \\$aGBA9A0937$2bnb
=020  \\$z9781906693015 :$c£10.00
=040  \\$aUk$beng$cUk
=042  \\$aukblsr
=082  04$a331.25920941$222
=100  1\$aO'Leary, Duncan.
=245  14$aThe skills paradox$h[electronic resource] :$bconfronting inequality in adult learning /$cDuncan O'Leary, Kate Oakley.
=260  \\$aLondon :$bDemos,$c2008.
=300  \\$a140 p. :$bdigital, PDF file.
=336  \\$atext$2rdacontent
=337  \\$acomputer$2rdamedia
=338  \\$aonline resource$2rdacarrier
=500  \\$aTitle from PDF title page (viewed 16 Oct., 2009).
=504  \\$aIncludes bibliographical references.
=538  \\$aMode of access: World Wide Web.
=538  \\$aSystem requirements: Adobe Acrobat Reader.
=650  \0$aEmployees$xTraining of$zGreat Britain.
=650  \0$aEmployees$xTraining of$xGovernment policy$zGreat Britain.
=650  \0$aOccupational training$zGreat Britain.
=650  \0$aOccupational training$xGovernment policy$zGreat Britain.
=650  \0$aEducational equalization$zGreat Britain.
=650  \0$aAdult learning$zGreat Britain.
=650  \0$aEmployee rights$zGreat Britain.
=700  1\$aOakley, Kate.
=710  2\$aDemos (Organization : London, England)
=856  40$ahttp://www.demos.co.uk/files/Skills_-_web.pdf?1242404004
=CAT  \\$a10902$b40$c20090916$lBLL01$h1340
=CAT  \\$a12181$b40$c20091016$lBLL01$h1737
=CAT  \\$a12181$b40$c20091016$lBLL01$h1738
=CAT  \\$a12181$b40$c20091019$lBLL01$h1405
=CAT  \\$a12181$b40$c20091021$lBLL01$h1149
=CAT  \\$aW1711-1225$c20171203$lBLL01$h1034
=FIN  \\$aY$d20091016
=FMT  \\$a  BK
=LAS  \\$aW1711-1225$b00$c20171203$lBLL01$h1034
=STA  \\$aSUPPRESSED$bunable to determine reason for suppression

