=LDR  01734 am a2200457 a 4500
=001  015376866
=003  Uk
=005  20100222105034.0
=006  m\\\\|\\\d\|\\\\\\
=007  cr||||||||||||
=008  090923s2009\\\\stk||||\sb\\\\100\0\eng\\
=015  \\$aGBB029854$2bnb
=020  \\$z9781905866311
=040  \\$aUk$beng$cUk
=042  \\$aukblsr
=082  04$a370.115$222
=111  2\$aScottish Forum on Lifelong Learning$n(20th :$d2008 :$cUniversity of Edinburgh)
=245  10$aDemocratic learning$h[electronic resource] :$blearning for democracy (SCUTREA pre-conference).
=260  \\$a[Glasgow] :$bCentre for Research in Lifelong Learning,$c2009.
=300  \\$a23 p. :$bdigital, PDF file.
=336  \\$atext$2rdacontent
=337  \\$acomputer$2rdamedia
=338  \\$aonline resource$2rdacarrier
=490  1\$aForum report ;$vno. 20
=500  \\$aTitle from PDF title page (viewed on 22 Feb., 2010).
=504  \\$aIncludes bibliographical references.
=538  \\$aMode of access: World Wide Web.
=538  \\$aSystem requirements: Adobe Acrobat Reader.
=650  \0$aDemocracy and education$vCongresses.
=710  2\$aCentre for Research in Lifelong Learning.
=830  \0$aForum report (Scottish Forum on Lifelong Learning) ;$vno. 20.
=856  40$ahttp://crll.gcal.ac.uk/docs%5CFora%5C20thForum-Report.pdf
=CAT  \\$a10902$b40$c20090923$lBLL01$h0919
=CAT  \\$a10902$b40$c20090923$lBLL01$h0922
=CAT  \\$a12181$b40$c20100222$lBLL01$h1029
=CAT  \\$a12181$b40$c20100222$lBLL01$h1050
=CAT  \\$aW1711-1225$c20171203$lBLL01$h1034
=FIN  \\$aY$d20100222
=FMT  \\$a  BK
=LAS  \\$aW1711-1225$b00$c20171203$lBLL01$h1034
=STA  \\$aSUPPRESSED$bunable to determine reason for suppression

