=LDR  01611 am a2200445 a 4500
=001  015377327
=003  Uk
=005  20091109153440.0
=006  m\\\\|\\\d\|\\\\\\
=007  cr||||||||||||
=008  090923s2009\\\\enk||||\s\\\\o000\0\eng\\
=015  \\$aGBA9A5272$2bnb
=020  \\$z9781842061097 :$cNo price
=040  \\$aUk$beng$cUk
=042  \\$aukblsr
=082  04$a351.41$222
=245  00$aPublic sector equality duties$h[electronic resource].
=260  \\$aManchester :$bEquality and Human Rights Commission,$c2009.
=300  \\$a8 p. :$bdigital, PDF file.
=336  \\$atext$2rdacontent
=337  \\$acomputer$2rdamedia
=338  \\$aonline resource$2rdacarrier
=500  \\$aTitle from PDF title page (viewed on 2 Nov., 2009).
=538  \\$aMode of access: World Wide Web.
=538  \\$aSystem requirements: Adobe Acrobat Reader.
=650  \0$aDiscrimination in municipal services$zGreat Britain.
=650  \0$aPublic administration$zGreat Britain.
=650  \0$aEquality$zGreat Britain.
=650  \0$aDiscrimination$zGreat Britain.
=710  1\$aGreat Britain.$bEquality and Human Rights Commission.
=856  40$ahttp://www.equalityhumanrights.com/uploaded_files/PSD/psdgen.pdf
=CAT  \\$a10902$b40$c20090923$lBLL01$h1554
=CAT  \\$a12181$b40$c20091102$lBLL01$h1504
=CAT  \\$a12181$b40$c20091102$lBLL01$h1505
=CAT  \\$a12181$b40$c20091109$lBLL01$h1534
=CAT  \\$aW1711-1225$c20171203$lBLL01$h1034
=FIN  \\$aY$d20091102
=FMT  \\$a  BK
=LAS  \\$aW1711-1225$b00$c20171203$lBLL01$h1034
=STA  \\$aSUPPRESSED$bunable to determine reason for suppression

