=LDR  01989 am a2200505 a 4500
=001  015377340
=003  Uk
=005  20101020104718.0
=006  m\\\\|\\\d\|\\\\\\
=007  cr||||||||||||
=008  090923s2009\\\\enk||||\sb\\\o000\0\eng\\
=015  \\$aGBA9A3722$2bnb
=020  \\$z9781842061534 :$cNo price
=040  \\$aUk$beng$cUk
=042  \\$aukblsr
=082  04$a331.1330941$222
=245  00$aRace discrimination in the construction industry.$pA thematic review$h[electronic resource] /$cAndrew Caplan ... [et al.].
=260  \\$aManchester :$bEquality and Human Rights Commission,$c2009.
=300  \\$a44 p. :$bdigital, PDF file.
=336  \\$atext$2rdacontent
=337  \\$acomputer$2rdamedia
=338  \\$aonline resource$2rdacarrier
=490  0\$aEquality and Human Rights Commission research report series ;$v23
=500  \\$aTitle from PDF title page (viewed on 27 Oct., 2009).
=504  \\$aIncludes bibliographical references.
=538  \\$aMode of access: World Wide Web.
=538  \\$aSystem requirements: Adobe Acrobat Reader.
=650  \0$aRace discrimination$zGreat Britain.
=650  \0$aDiscrimination in employment$zGreat Britain.
=650  \0$aConstruction industry$zGreat Britain.
=700  1\$aCaplan, Andrew.
=710  1\$aGreat Britain.$bEquality and Human Rights Commission.
=710  2\$aEquality Research and Consulting Ltd.
=856  40$ahttp://www.equalityhumanrights.com/uploaded_files/download_race_inquiry_thematic_review.pdf
=CAT  \\$a10902$b40$c20090923$lBLL01$h1607
=CAT  \\$a10902$b40$c20090923$lBLL01$h1608
=CAT  \\$a12181$b40$c20091027$lBLL01$h1526
=CAT  \\$a12181$b40$c20091027$lBLL01$h1529
=CAT  \\$a12181$b40$c20101020$lBLL01$h1043
=CAT  \\$a12181$b40$c20101020$lBLL01$h1047
=CAT  \\$aW1711-1225$c20171203$lBLL01$h1034
=FIN  \\$aY$d20091027
=FMT  \\$a  BK
=LAS  \\$aW1711-1225$b00$c20171203$lBLL01$h1034
=STA  \\$aSUPPRESSED$bunable to determine reason for suppression

