=LDR  02246 am a2200541 a 4500
=001  015377348
=003  Uk
=005  20091028142704.0
=006  m\\\\|\\\d\|\\\\\\
=007  cr||||||||||||
=008  090923s2009\\\\enk||||\sb\\\o000\0\eng\\
=015  \\$aGBA9A3687$2bnb
=020  \\$z9781842060964 (print) :$cNo price
=040  \\$aUk$beng$cUk
=042  \\$aukblsr
=082  04$a304.841$222
=245  04$aThe equality implications of being a migrant in Britain$h[electronic resource] /$cEleonore Kofman ... [et al.].
=260  \\$aManchester :$bEquality and Human Rights Commission,$c2009.
=300  \\$a188 p. :$bdigital, PDF file.
=336  \\$atext$2rdacontent
=337  \\$acomputer$2rdamedia
=338  \\$aonline resource$2rdacarrier
=490  0\$aEquality and Human Rights Commission research report series ;$v19
=500  \\$aTitle from PDF title page (viewed on 27 Oct., 2009).
=504  \\$aIncludes bibliographical references.
=530  \\$aAlso issued in print format.
=538  \\$aMode of access: World Wide Web.
=538  \\$aSystem requirements: Adobe Acrobat Reader.
=650  \0$aForeign workers$zGreat Britain.
=650  \0$aImmigrants$zGreat Britain.
=650  \0$aImmigrants$zGreat Britain$xSocial conditions$y21st century.
=651  \0$aImmigrants$zGreat Britain$xEconomic conditions$y21st century.
=700  1\$aKofman, Eleonore.
=710  1\$aGreat Britain.$bEquality and Human Rights Commission.
=710  2\$aMiddlesex University.$bSocial Policy Research Centre.
=856  40$ahttp://edit.equalityhumanrights.com/en/publicationsandresources/Documents/Equalities/The%20equality%20implications%20of%20being%20a%20migrant%20in%20Britain.pdf.pdf
=CAT  \\$a10902$b40$c20090923$lBLL01$h1619
=CAT  \\$a10902$b40$c20090923$lBLL01$h1620
=CAT  \\$a12181$b40$c20091027$lBLL01$h1202
=CAT  \\$a12181$b40$c20091027$lBLL01$h1227
=CAT  \\$a12181$b40$c20091027$lBLL01$h1229
=CAT  \\$a12181$b40$c20091027$lBLL01$h1233
=CAT  \\$a12181$b40$c20091028$lBLL01$h1427
=CAT  \\$aW1711-1225$c20171203$lBLL01$h1034
=FIN  \\$aY$d20091027
=FMT  \\$a  BK
=LAS  \\$aW1711-1225$b00$c20171203$lBLL01$h1034
=STA  \\$aSUPPRESSED$bunable to determine reason for suppression

