=LDR  03891 as a2200901 a 4500
=001  015382786
=003  Uk
=005  20120305121546.0
=006  m\\\\\\\\d\|\\\\\\
=007  cr||||||||||||
=008  091001d200u2011enkwr\p\\\\\\\0\\\a0eng\\
=015  \\$aGBA9A1254$2bnb
=022  0\$y0144-4549
=040  \\$aUk$beng$cUk$dUk
=042  \\$aukblsr
=082  04$a387$222
=130  0\$aLloyd's shipping index (Online)
=245  10$aLloyd's shipping index$h[electronic resource].
=260  \\$aLondon :$bLloyds MIU.
=310  \\$aWeekly
=336  \\$atext$2rdacontent
=337  \\$acomputer$2rdamedia
=338  \\$aonline resource$2rdacarrier
=500  \\$aBegan in 2009?
=500  \\$aTitle from caption.
=500  \\$aDescription based on: Issue 4 (Apr. 2009).
=538  \\$aMode of access: email in PDF format.
=540  \\$aCurrent Copyright Fee: GBP12.30$c0$5Uk
=580  \\$aBeginning with 2012? available as online database only.
=650  \0$aShip registers$vPeriodicals.
=776  0\$tLloyd's shipping index$x0144-4549
=856  4\$ahttp://www.lloydsmiu.com/lmiu/product/lloyds-shipping-index/20001147138-marketing.htm$zTo subscribe
=ACF  \\$aPrevious Copyright Fee: GBP12.00$c0$e01-apr-2012$fGBP12.00$g0$hC$5Uk
=ACF  \\$aPrevious Copyright Fee: GBP12.00$c0$e01-jan-2012$fGBP12.00$g0$hC$5Uk
=ACF  \\$aPrevious Copyright Fee: GBP10.50$c0$e01-oct-2011$fGBP10.50$g0$hC$5Uk
=ACF  \\$aPrevious Copyright Fee: GBP10.50$c0$e01-jul-2011$fGBP10.50$g0$hC$5Uk
=ACF  \\$aPrevious Copyright Fee: GBP10.50$c0$e01-apr-2011$fGBP10.50$g0$hC$5Uk
=ACF  \\$aPrevious Copyright Fee: GBP10.50$c0$e01-jan-2011$fGBP10.50$g0$hC$5Uk
=ACF  \\$aPrevious Copyright Fee: GBP9.00$c0$e01-oct-2010$fGBP9.00$g0$hC$5Uk
=ACF  \\$aPrevious Copyright Fee: GBP9.00$c0$e01-jul-2010$fGBP9.00$g0$hC$5Uk
=ACF  \\$aPrevious Copyright Fee: GBP9.00$c0$e01-apr-2010$fGBP9.00$g0$hC$5Uk
=ACF  \\$aPrevious Copyright Fee: GBP9.00$c0$e01-Jan-2010$fGBP9.00$g0$hC$5Uk
=ACF  \\$aPrevious Copyright Fee: GBP12.00$c0$e01-jul-2012$fGBP12.00$g0$hC$5Uk
=CAT  \\$a7332$b40$c20091001$lBLL01$h1344
=CAT  \\$aBATCH-UPD$b00$c20100630$lBLL01$h2003
=CAT  \\$aIPL-CLA$c20100630$lBLL01$h2031
=CAT  \\$aBATCH-CLA$b00$c20100831$lBLL01$h1542
=CAT  \\$aIPL-CLA$c20100930$lBLL01$h1532
=CAT  \\$aBATCH-CLA$b00$c20101115$lBLL01$h1609
=CAT  \\$aIPL-CLA$c20101231$lBLL01$h1528
=CAT  \\$aBATCH-CLA$b00$c20110228$lBLL01$h1547
=CAT  \\$aIPL-CLA$c20110331$lBLL01$h1508
=CAT  \\$aBATCH-CLA$b00$c20110531$lBLL01$h1646
=CAT  \\$aIPL-CLA$c20110630$lBLL01$h1549
=CAT  \\$aBATCH-CLA$b00$c20110831$lBLL01$h1805
=CAT  \\$aIPL-CLA$c20110930$lBLL01$h1554
=CAT  \\$aBATCH-CLA$b00$c20111130$lBLL01$h1217
=CAT  \\$aIPL-CLA$c20111230$lBLL01$h2034
=CAT  \\$aBATCH-CLA$b00$c20120229$lBLL01$h1635
=CAT  \\$a8201$b40$c20120305$lBLL01$h1215
=CAT  \\$aIPL-CLA$c20120330$lBLL01$h1441
=CAT  \\$aBATCH-CLA$b00$c20120531$lBLL01$h1726
=CAT  \\$aIPL-CLA$c20120629$lBLL01$h1040
=CAT  \\$aBATCH-CLA$b00$c20120831$lBLL01$h1555
=CAT  \\$aIPL-CLA$c20120930$lBLL01$h2133
=CAT  \\$aBATCH-CLA$b00$c20121109$lBLL01$h1721
=CAT  \\$aBATCH-CLA$b00$c20131129$lBLL01$h1704
=CAT  \\$aIPL-CLA$c20140101$lBLL01$h0123
=CAT  \\$aW1711-1225$c20171203$lBLL01$h1034
=CFI  0\$aCurrent Copyright Fee: GBP12.30$c0$e01-jan-2014$fGBP12.30$g0$hC$5Uk
=CFI  2\$aPrevious Copyright Fee: GBP12.00$c0$e01-oct-2012$fGBP12.00$g0$hC$5Uk
=FIN  \\$aY$d20091020
=FMT  \\$a  SE
=LAS  \\$aW1711-1225$b00$c20171203$lBLL01$h1034
=LET  \0$aLloyd's shipping index (PDF)
=LKR  \\$aPAR$b010182228$lBLL01$nLloyd's shipping index (Print)$mLloyd's shipping index (Online$r776
=STA  \\$aSUPPRESSED$bunable to determine reason for suppression
=TCO  \\$aCLA$bCLA$c008

