=LDR  02092 as a2200553 a 4500
=001  015384410
=003  Uk
=005  20131114145603.0
=006  m\\\\\\\\d\|\\\\\\
=007  cr||||||||||||
=008  091006d200u201uenk|x|p\s\\\\\0\\\a0eng\\
=015  \\$aGBA996352$2bnb
=040  \\$aUk$beng$cUk
=042  \\$aukblsr
=082  04$a346.17492707$221
=130  0\$aArab Regional Forum news (Online)
=245  10$aArab Regional Forum news$h[electronic resource].
=260  \\$aLondon :$bInternational Bar Association
=336  \\$atext$2rdacontent
=337  \\$acomputer$2rdamedia
=338  \\$aonline resource$2rdacarrier
=500  \\$aTitle from caption.
=500  \\$aDescription based on: Vol. 14, no. 1 (Jan. 2009).
=538  \\$aMode of access: email in PDF format.
=650  \0$aBusiness law$zArab countries$vPeriodicals.
=650  \0$aLaw$zArab countries$vPeriodicals.
=650  \0$aIslamic law$zArab countries$vPeriodicals.
=710  2\$aInternational Bar Association.$bArab Regional Forum.
=776  0\$tArab Regional Forum news
=856  4\$ahttp://www.int-bar.org/shop/search/subscription/index.cfm?category_id=14$zTo subscribe
=985  \\$aDisputed deposit 17 Oct. 2012
=CAT  \\$a7332$b40$c20091006$lBLL01$h1032
=CAT  \\$a7332$b40$c20091006$lBLL01$h1101
=CAT  \\$a7332$b40$c20091021$lBLL01$h1316
=CAT  \\$a7332$b40$c20091021$lBLL01$h1321
=CAT  \\$a7332$b40$c20091021$lBLL01$h1323
=CAT  \\$a7332$b40$c20091113$lBLL01$h1313
=CAT  \\$a10983$b40$c20120221$lBLL01$h0827
=CAT  \\$a10983$b40$c20120221$lBLL01$h0830
=CAT  \\$a8201$b40$c20121113$lBLL01$h0858
=CAT  \\$a7778$b40$c20131114$lBLL01$h1456
=CAT  \\$aW1711-1225$c20171203$lBLL01$h1034
=FIN  \\$aY$d20091021
=FMT  \\$a  SE
=LAS  \\$aW1711-1225$b00$c20171203$lBLL01$h1034
=LET  \0$aArab Regional Forum news (PDF Copy Requested)
=LKR  \\$aPAR$b009920048$lBLL01$r776$mArab Regional Forum news (Online)$nArab Regional Forum news (Print)
=STA  \\$aSUPPRESSED$bunable to determine reason for suppression
=TCO  \\$aCLA$bCLA$c008

