=LDR  01610 am a2200457 a 4500
=001  015387348
=003  Uk
=005  20110208112911.0
=006  m\\\\|\\\d\|\\\\\\
=007  cr||||||||||||
=008  091007s2006\\\\enk||||\s\\\\\000\0\eng\\
=015  \\$aGBA9A1000$2bnb
=020  \\$cNo price
=040  \\$aUk$beng$cUk
=042  \\$aukblsr
=082  04$a338.479109428$222
=245  04$aThe hospitality, leisure, travel and tourism sector in the North East$h[electronic resource].
=260  \\$a[Newcastle upon Tyne :$bNorthern TUC,$c2006?]
=300  \\$a7 p. :$bdigital, Word file.
=336  \\$atext$2rdacontent
=337  \\$acomputer$2rdamedia
=338  \\$aonline resource$2rdacarrier
=500  \\$aTitle from Word title page (viewed on 26 Oct., 2009).
=538  \\$aMode of access: World Wide Web.
=538  \\$aSystem requirements: Microsoft Word.
=650  \0$aHospitality industry$zEngland, North East.
=650  \0$aTourism$zEngland, North East.
=650  \0$aLeisure industry$zEngland, North East.
=710  2\$aNorthern TUC.
=856  40$ahttp://www.tuc.org.uk/extras/NEtourism.doc
=CAT  \\$a10902$b40$c20091007$lBLL01$h1452
=CAT  \\$a12181$b40$c20091019$lBLL01$h1356
=CAT  \\$a12181$b40$c20091026$lBLL01$h1221
=CAT  \\$a12181$b40$c20091026$lBLL01$h1229
=CAT  \\$a12181$b40$c20091027$lBLL01$h1041
=CAT  \\$a12181$b40$c20110208$lBLL01$h1129
=CAT  \\$aW1711-1225$c20171203$lBLL01$h1034
=FIN  \\$aY$d20091026
=FMT  \\$a  BK
=LAS  \\$aW1711-1225$b00$c20171203$lBLL01$h1034
=STA  \\$aSUPPRESSED$bunable to determine reason for suppression

