=LDR  01920 am a2200517 a 4500
=001  015387424
=003  Uk
=005  20091109153130.0
=006  m\\\\|\\\d\|\\\\\\
=007  cr||||||||||||
=008  091007s2009\\\\enk||||\sb\\\\000\0\eng\\
=015  \\$aGBA9A5239$2bnb
=040  \\$aUk$beng$cUk
=042  \\$aukblsr
=082  04$a302.35$222
=245  00$aQuality people management for quality outcomes$h[electronic resource] :$bthe future of HR review of evidence on people management /$cprepared by Wilson Wong ... [et al.].
=260  \\$aLondon :$bWork Foundation,$c2009.
=300  \\$a44 p. :$bdigital, PDF file.
=336  \\$atext$2rdacontent
=337  \\$acomputer$2rdamedia
=338  \\$aonline resource$2rdacarrier
=500  \\$aTitle from PDF title page (viewed on 2 Nov., 2009).
=504  \\$aIncludes bibliographical references.
=538  \\$aMode of access: World Wide Web.
=538  \\$aSystem requirements: Adobe Acrobat Reader.
=650  \0$aOrganizational behavior.
=650  \0$aPersonnel management.
=650  \0$aPsychology, Industrial.
=650  \0$aSmall business$xManagement.
=700  1\$aWong, Wilson,$d1965-
=710  2\$aWork Foundation.
=856  40$ahttp://www.theworkfoundation.com/Assets/Docs/QualityPeopleManagement.pdf
=CAT  \\$a10902$b40$c20091007$lBLL01$h1600
=CAT  \\$a12181$b40$c20091102$lBLL01$h1137
=CAT  \\$a12181$b40$c20091102$lBLL01$h1138
=CAT  \\$a12181$b40$c20091102$lBLL01$h1201
=CAT  \\$a12181$b40$c20091102$lBLL01$h1203
=CAT  \\$a12181$b40$c20091102$lBLL01$h1204
=CAT  \\$a12181$b40$c20091102$lBLL01$h1231
=CAT  \\$a12181$b40$c20091102$lBLL01$h1357
=CAT  \\$a12181$b40$c20091109$lBLL01$h1531
=CAT  \\$aW1711-1225$c20171203$lBLL01$h1034
=FIN  \\$aY$d20091102
=FMT  \\$a  BK
=LAS  \\$aW1711-1225$b00$c20171203$lBLL01$h1034
=STA  \\$aSUPPRESSED$bunable to determine reason for suppression

