=LDR  01803 as a2200529 a 4500
=001  015390175
=003  Uk
=005  20140908094046.0
=006  m\\\\\\\\d\|\\\\\\
=007  cr||||||||||||
=008  091013d1994201uenkfx\p\o\\\\\0\\\a0eng\\
=015  \\$aGBA998816$2bnb
=040  \\$aUk$beng$cUk$dUk
=042  \\$aukblsr
=082  04$a621.31244$222
=130  0\$aPV power (Online)
=245  10$aPV power$h[electronic resource] :$bnewsletter of the IEA Photovoltaic Power Systems Programme.
=260  \\$aEversley :$bIT Power,$c1994-
=310  \\$aSemiannual
=336  \\$atext$2rdacontent
=337  \\$acomputer$2rdamedia
=338  \\$aonline resource$2rdacarrier
=362  0\$aIssue 1 (Sept. 1994)-
=500  \\$aTitle from PDF title page.
=538  \\$aMode of access: Internet.
=538  \\$aSystem requirements: Adobe Acrobat Reader.
=650  \0$aPhotovoltaic power systems$xPeriodicals.
=650  \0$aSolar energy$vPeriodicals.
=710  2\$aIEA Photovoltaic Power Systems Programme.
=776  0\$tPV power
=856  4\$ahttp://www.iea-pvps.org/pvpower/index.htm$zTo subscribe
=CAT  \\$a7332$b40$c20091013$lBLL01$h1119
=CAT  \\$a7332$b40$c20091021$lBLL01$h1342
=CAT  \\$a7332$b40$c20091021$lBLL01$h1343
=CAT  \\$a7332$b40$c20091113$lBLL01$h1319
=CAT  \\$a6790$b40$c20130620$lBLL01$h1153
=CAT  \\$aWR13.114$c20130717$lBLL01$h1314
=CAT  \\$aWR14_072$c20140608$lBLL01$h1426
=CAT  \\$a10983$b40$c20140826$lBLL01$h1026
=CAT  \\$a8201$b40$c20140908$lBLL01$h0940
=FIN  \\$aY$d20091021
=FMT  \\$a  SE
=LAS  \\$a8201$b40$c20140908$lBLL01$h0940
=LET  \0$aPV power (PDF)
=LKR  \\$aPAR$b009085467$lBLL01$r776$mPV power (Online)$nPV power (Print)
=STA  \\$aSUPPRESSED$bIngested as issues
=TCO  \\$aCLA$bCLA$c008

