=LDR  01810 am a2200433 a 4500
=001  015411343
=003  Uk
=005  20100719105353.0
=006  m\\\\|\\\d\|\\\\\\
=007  cr||||||||||||
=008  091106s2009\\\\enk||||\s\\\\o000\0\eng\\
=015  \\$aGBB085378$2bnb
=040  \\$aUk$beng$cUk
=042  \\$aukblsr
=082  04$a333.7940941$222
=245  00$aStatement from members of the government's Renewable Energy Deployment Environmental Issues Project$h[electronic resource].
=260  \\$aLondon :$bDepartment of Energy & Climate Change,$c2009.
=300  \\$a3 p. :$bdigital, PDF file.
=336  \\$atext$2rdacontent
=337  \\$acomputer$2rdamedia
=338  \\$aonline resource$2rdacarrier
=500  \\$aTitle from p. 1 of PDF file (viewed on 19 July, 2010).
=500  \\$aPublisher's no.: URN 09D/706.
=538  \\$aMode of access: World Wide Web.
=538  \\$aSystem requirements: Adobe Acrobat Reader.
=650  \0$aRenewable energy sources$xGovernment policy$zGreat Britain.
=710  1\$aGreat Britain.$bDepartment of Energy and Climate Change.
=856  40$ahttp://www.decc.gov.uk/assets/decc/What%20we%20do/UK%20energy%20supply/Energy%20mix/Renewable%20energy/Renewable%20Energy%20Strategy/1_20091028150138_e_@@_Statementrenewableenergydeploymentenvironmentalprojectboard.pdf
=985  \\$aRecord amended for WR# 13/070
=CAT  \\$a10902$b40$c20091106$lBLL01$h1219
=CAT  \\$a10902$b40$c20091106$lBLL01$h1220
=CAT  \\$a12181$b40$c20100719$lBLL01$h1050
=CAT  \\$a12181$b40$c20100719$lBLL01$h1053
=CAT  \\$aWR13_070$b00$c20130504$lBLL01$h0321
=CAT  \\$aW1711-1225$c20171203$lBLL01$h1035
=FIN  \\$aY$d20100719
=FMT  \\$a  BK
=LAS  \\$aW1711-1225$b00$c20171203$lBLL01$h1035
=STA  \\$aSUPPRESSED$bunable to determine reason for suppression

