=LDR  02304 am a2200565 a 4500
=001  015413952
=003  Uk
=005  20100707180327.0
=006  m\\\\|\\\d\|\\\\\\
=007  cr||||||||||||
=008  091110s2009\\\\enk||||\s\\\\\000\0\eng\\
=015  \\$aGBB080492$2bnb
=040  \\$aUk$beng$cUk
=042  \\$aukblsr
=082  04$a339.2015195$222
=100  1\$aAnesi, Vincent,$d1979-
=245  10$aRedistribution in the open economy$h[electronic resource] :$ba political economy approach /$cby Vincent Anesi and Udo Kreickemeier.
=260  \\$aNottingham :$bUniversity of Nottingham,$c2009.
=300  \\$a31 p. :$bdigital, PDF file.
=336  \\$atext$2rdacontent
=337  \\$acomputer$2rdamedia
=338  \\$aonline resource$2rdacarrier
=490  1\$aResearch paper series ;$v2009/25
=500  \\$aTitle from PDF title page (viewed on 6 July 2010).
=504  \\$aIncludes bibliographical references.
=538  \\$aMode of access: World Wide Web.
=538  \\$aSystem requirements: Adobe Acrobat Reader.
=650  \0$aIncome distribution$xEconometric models.
=650  \0$aInternational trade$xEconometric models.
=650  \0$aTaxation$xEconometric models.
=700  1\$aKreickemeier, U.$q(Udo).
=710  2\$aLeverhulme Centre for Research on Globalisation and Economic Policy (University of Nottingham)
=830  \0$aResearch paper series (Leverhulme Centre for Research on Globalisation and Economic Policy (University of Nottingham)) ;$v2009/25.
=856  40$ahttp://www.nottingham.ac.uk/gep/documents/papers/2009/09-25.pdf
=CAT  \\$a10902$b40$c20091110$lBLL01$h1026
=CAT  \\$a10902$b40$c20091110$lBLL01$h1027
=CAT  \\$a10902$b40$c20091110$lBLL01$h1028
=CAT  \\$aBATCH$b00$c20091217$lBLL01$h0543
=CAT  \\$aBATCH$b00$c20100103$lBLL01$h1334
=CAT  \\$a12181$b40$c20100706$lBLL01$h1608
=CAT  \\$a12181$b40$c20100706$lBLL01$h1609
=CAT  \\$a12181$b40$c20100707$lBLL01$h1756
=CAT  \\$a12181$b40$c20100707$lBLL01$h1802
=CAT  \\$a12181$b40$c20100707$lBLL01$h1803
=CAT  \\$aW1711-1225$c20171203$lBLL01$h1035
=CAT  \\$aBATCH-UPD$b00$c20171203$lBLL01$h1308
=FIN  \\$aY$d20100706
=FMT  \\$a  BK
=LAS  \\$aBATCH-UPD$b00$c20171203$lBLL01$h1308
=STA  \\$aSUPPRESSED$bunable to determine reason for suppression

