=LDR  01589 am a2200433 a 4500
=001  015414165
=003  Uk
=005  20100719120922.0
=006  m\\\\|\\\d\|\\\\\\
=007  cr||||||||||||
=008  091110s2009\\\\enk||||\s\\\\o000\0\eng\\
=015  \\$aGBB085401$2bnb
=020  \\$z9781409812272
=040  \\$aUk$beng$cUk
=042  \\$aukblsr
=082  04$a320.80942$222
=245  00$aDeveloping the new Place Survey 2008$h[electronic resource] :$bfinal report.
=260  \\$aLondon :$bDept. for Communities and Local Government,$c2009.
=300  \\$a56 p. :$bdigital, PDF file.
=336  \\$atext$2rdacontent
=337  \\$acomputer$2rdamedia
=338  \\$aonline resource$2rdacarrier
=500  \\$aTitle from PDF title page (viewed on 19 July, 2010).
=500  \\$a"Product Code 08LGSR05783/1."
=538  \\$aMode of access: World Wide Web.
=538  \\$aSystem requirements: Adobe Acrobat Reader.
=650  \0$aSocial surveys$zEngland$xEvaluation.
=650  \0$aSocial surveys$zEngland$xMethodology.
=710  1\$aGreat Britain.$bDepartment for Communities and Local Government.
=856  40$ahttp://www.communities.gov.uk/documents/localgovernment/pdf/1345520.pdf
=985  \\$aRecord amended for WR# 13/070
=CAT  \\$a10902$b40$c20091110$lBLL01$h1321
=CAT  \\$a12181$b40$c20100719$lBLL01$h1209
=CAT  \\$aWR13_070$b00$c20130504$lBLL01$h0321
=CAT  \\$aW1711-1225$c20171203$lBLL01$h1035
=FIN  \\$aY$d20100719
=FMT  \\$a  BK
=LAS  \\$aW1711-1225$b00$c20171203$lBLL01$h1035
=STA  \\$aSUPPRESSED$bunable to determine reason for suppression

