=LDR  01821 am a2200469 a 4500
=001  015414179
=003  Uk
=005  20100309121247.0
=006  m\\\\|\\\d\|\\\\\\
=007  cr||||||||||||
=008  091110s2009\\\\enk||||\s\\\\o000\0\eng\\
=015  \\$aGBB036444$2bnb
=040  \\$aUk$beng$cUk
=042  \\$aukblsr
=082  04$a331.25291363370941$222
=245  00$aFirefighters' pension scheme 1992$h[electronic resource] :$babatement of pension on the re-employment of a firefighter.
=260  \\$a[London] :$bDepartment for Communities and Local Government,$c2009.
=300  \\$a4 p. :$bdigital, PDF file.
=336  \\$atext$2rdacontent
=337  \\$acomputer$2rdamedia
=338  \\$aonline resource$2rdacarrier
=490  0\$aFirefighters' pension scheme circular ;$v10/2009
=500  \\$aTitle from PDF title page (viewed on 9 Mar., 2010).
=538  \\$aMode of access: World Wide Web.
=538  \\$aSystem requirements: Adobe Acrobat Reader.
=650  \0$aFire fighters$xPensions$zGreat Britain.
=710  1\$aGreat Britain.$bDepartment for Communities and Local Government.
=856  40$phttp://www.communities.gov.uk/documents/fire/pdf/FPSC102009.pdf
=985  \\$aRecord amended for WR# 13/070
=CAT  \\$a10902$b40$c20091110$lBLL01$h1336
=CAT  \\$a10902$b40$c20091110$lBLL01$h1337
=CAT  \\$aBATCH$b00$c20091217$lBLL01$h0543
=CAT  \\$aBATCH$b00$c20100103$lBLL01$h1334
=CAT  \\$a12181$b40$c20100309$lBLL01$h1210
=CAT  \\$a12181$b40$c20100309$lBLL01$h1211
=CAT  \\$a12181$b40$c20100309$lBLL01$h1212
=CAT  \\$aWR13_070$b00$c20130504$lBLL01$h0321
=CAT  \\$aW1711-1225$c20171203$lBLL01$h1035
=FIN  \\$aY$d20100309
=FMT  \\$a  BK
=LAS  \\$aW1711-1225$b00$c20171203$lBLL01$h1035
=STA  \\$aSUPPRESSED$bunable to determine reason for suppression

