=LDR  02061 am a2200505 a 4500
=001  015414220
=003  Uk
=005  20100727160516.0
=006  m\\\\|\\\d\|\\\\\\
=007  cr||||||||||||
=008  091110s2009\\\\enk||||\s\\\\o000\0\eng\\
=015  \\$aGBB085408$2bnb
=020  \\$z9780101769525 :$c£5.50
=040  \\$aUk$beng$cUk
=042  \\$aukblsr
=082  04$a363.50941$222
=245  00$aGovernment response to the Communities and Local Government Committee's report on the Department for Communities and Local Government Housing and the Credit Crunch$h[electronic resource] :$bfollow up September 2009.
=260  \\$aNorwich :$bStationery Office,$c2009.
=300  \\$a8 p. :$bdigital, PDF file.
=336  \\$atext$2rdacontent
=337  \\$acomputer$2rdamedia
=338  \\$aonline resource$2rdacarrier
=490  1\$aCm ;$v7695
=500  \\$aTitle from PDF title page (viewed on 19 July, 2010).
=500  \\$a"Presented to Parliament by the Secretary of State for Communities and Local Government, by Command of Her Majesty."
=538  \\$aMode of access: World Wide Web.
=538  \\$aSystem requirements: Adobe Acrobat Reader.
=650  \0$aHousing policy$zGreat Britain.
=650  \0$aHousing$zGreat Britain.
=710  1\$aGreat Britain.$bDepartment for Communities and Local Government.
=830  \0$aCm (Series) (Great Britain. Parliament) ;$v7695.
=856  40$ahttp://www.official-documents.gov.uk/document/cm76/7695/7695.pdf
=985  \\$aRecord amended for WR# 13/070
=CAT  \\$a10902$b40$c20091110$lBLL01$h1403
=CAT  \\$a10902$b40$c20091110$lBLL01$h1404
=CAT  \\$a12181$b40$c20100719$lBLL01$h1250
=CAT  \\$a12181$b40$c20100719$lBLL01$h1255
=CAT  \\$a12181$b40$c20100719$lBLL01$h1310
=CAT  \\$a11249$b40$c20100727$lBLL01$h1605
=CAT  \\$aWR13_070$b00$c20130504$lBLL01$h0321
=CAT  \\$aW1711-1225$c20171203$lBLL01$h1035
=FIN  \\$aY$d20100719
=FMT  \\$a  BK
=LAS  \\$aW1711-1225$b00$c20171203$lBLL01$h1035
=STA  \\$aSUPPRESSED$bunable to determine reason for suppression

