=LDR  02001 am a2200505 a 4500
=001  015414333
=003  Uk
=005  20100324122030.0
=006  m\\\\|\\\d\|\\\\\\
=007  cr||||||||||||
=008  091110s2009\\\\enk||||\sb\\\o000\0\eng\\
=015  \\$aGBB044135$2bnb
=020  \\$z9781409809500
=040  \\$aUk$beng$cUk
=042  \\$aukblsr
=082  04$a796.4809421$222
=245  00$aLondon 2012 Olympic Games$h[electronic resource] :$bscoping the analytical and legacy issues for Communities and Local Government /$cCambridge Policy Consultants.
=260  \\$aLondon :$bDept. for Communities and Local Government,$c2009.
=300  \\$a68 p. :$bdigital, PDF file.
=336  \\$atext$2rdacontent
=337  \\$acomputer$2rdamedia
=338  \\$aonline resource$2rdacarrier
=500  \\$aTitle from PDF title page (viewed on 24 Mar., 2010).
=504  \\$aIncludes bibliographical references.
=538  \\$aMode of access: World Wide Web.
=538  \\$aSystem requirements: Adobe Acrobat Reader.
=611  20$aOlympic Games$n(30th :$d2012 :$cLondon, England)
=650  \0$aOlympics$xEconomic aspects$zEngland$zLondon.
=650  \0$aOlympics$xSocial aspects$zEngland$zLondon.
=650  \0$aUrban renewal$zEngland$zLondon.
=710  1\$aGreat Britain.$bDepartment for Communities and Local Government.
=710  2\$aCambridge Policy Consultants.
=856  40$ahttp://www.communities.gov.uk/documents/thamesgateway/pdf/1327818.pdf
=985  \\$aRecord amended for WR# 13/070
=CAT  \\$a10902$b40$c20091110$lBLL01$h1447
=CAT  \\$a10902$b40$c20091110$lBLL01$h1448
=CAT  \\$a12181$b40$c20100324$lBLL01$h1101
=CAT  \\$a12181$b40$c20100324$lBLL01$h1134
=CAT  \\$a12181$b40$c20100324$lBLL01$h1220
=CAT  \\$aWR13_070$b00$c20130504$lBLL01$h0321
=CAT  \\$aW1711-1225$c20171203$lBLL01$h1035
=FIN  \\$aY$d20100324
=FMT  \\$a  BK
=LAS  \\$aW1711-1225$b00$c20171203$lBLL01$h1035
=STA  \\$aSUPPRESSED$bunable to determine reason for suppression

