=LDR  01872 am a2200469 a 4500
=001  015431386
=003  Uk
=005  20100112145838.0
=006  m\\\\|\\\d\|\\\\\\
=007  cr||||||||||||
=008  091130s2009\\\\enk||||\s\\\\o000\0\eng\\
=015  \\$aGBB003480$2bnb
=040  \\$aUk$beng$cUk
=042  \\$aukblsr
=082  04$a381.45072$222
=245  00$aDecision of the Secretary of State for Business, Enterprise and Regulatory Reform on release of undertakings relating to supply of national newspapers in England and Wales$h[electronic resource].
=260  \\$a[London :$bDepartment for Business, Innovation & Skills,$c2009]
=300  \\$a4 p. :$bdigital, PDF file.
=336  \\$atext$2rdacontent
=337  \\$acomputer$2rdamedia
=338  \\$aonline resource$2rdacarrier
=500  \\$aTitle from PDF title page (viewed on 11 Jan., 2010).
=500  \\$aPublisher's no.: URN 09/924.
=538  \\$aMode of access: World Wide Web.
=538  \\$aSystem requirements: Adobe Acrobat Reader.
=650  \0$aBritish newspapers$xCirculation.
=650  \0$aNewspaper vendors$zGreat Britain.
=650  \0$aNewspaper and periodical wholesalers$zGreat Britain.
=650  \0$aDistributors (Commerce)$zGreat Britain.
=710  1\$aGreat Britain.$bDepartment for Business, Innovation and Skills.
=856  40$zhttp://www.berr.gov.uk/files/file51049.pdf
=CAT  \\$a10902$b40$c20091130$lBLL01$h1352
=CAT  \\$a10902$b40$c20091130$lBLL01$h1353
=CAT  \\$a12181$b40$c20100111$lBLL01$h1659
=CAT  \\$a12181$b40$c20100112$lBLL01$h1458
=CAT  \\$aBATCH-UPD$b40$c20130411$lBLL01$h1640
=CAT  \\$aBATCH-UPD$b40$c20141226$lBLL01$h2120
=CAT  \\$aW1711-1225$c20171203$lBLL01$h1035
=FIN  \\$aY$d20100111
=FMT  \\$a  BK
=LAS  \\$aW1711-1225$b00$c20171203$lBLL01$h1035
=STA  \\$aSUPPRESSED$bunable to determine reason for suppression

