=LDR  01946 am a2200481 a 4500
=001  015454271
=003  Uk
=005  20100310112950.0
=006  m\\\\|\\\d\|\\\\\\
=007  cr||||||||||||
=008  091223s2009\\\\enk||||\s\\\\o000\0\eng\\
=015  \\$aGBB038239$2bnb
=020  \\$z9781409816164
=040  \\$aUk$beng$cUk
=042  \\$aukblsr
=082  04$a331.1370941$222
=245  00$aUnderstanding and tackling worklessness$h[electronic resource] :$blessons and policy implications : evidence from the New Deal for Communities Programme /$cChristina Beatty ... [et al.].
=260  \\$aLondon :$bDepartment for Communities and Local Government,$c2009.
=300  \\$a24 p. :$bdigital, PDF file.
=336  \\$atext$2rdacontent
=337  \\$acomputer$2rdamedia
=338  \\$aonline resource$2rdacarrier
=500  \\$aTitle from PDF title page (viewed on 10 Mar., 2010).
=538  \\$aMode of access: World Wide Web.
=538  \\$aSystem requirements: Adobe Acrobat Reader.
=610  20$aNew Deal for Communities (Programme)
=650  \0$aUnemployed$zGreat Britain.
=650  \0$aUnemployment$zGreat Britain.
=700  1\$aBeatty, Christina.
=710  1\$aGreat Britain.$bDepartment for Communities and Local Government.
=710  2\$aSheffield Hallam University.$bCentre for Regional Economic and Social Research.
=856  40$ahttp://extra.shu.ac.uk/ndc/downloads/reports/Understanding%20and%20tackling%20worklessness.pdf
=985  \\$aRecord amended for WR# 13/070
=CAT  \\$a10902$b40$c20091223$lBLL01$h1331
=CAT  \\$a10902$b40$c20091223$lBLL01$h1332
=CAT  \\$a12181$b40$c20100310$lBLL01$h1127
=CAT  \\$a12181$b40$c20100310$lBLL01$h1129
=CAT  \\$aWR13_070$b00$c20130504$lBLL01$h0322
=CAT  \\$aW1711-1225$c20171203$lBLL01$h1036
=FIN  \\$aY$d20100310
=FMT  \\$a  BK
=LAS  \\$aW1711-1225$b00$c20171203$lBLL01$h1036
=STA  \\$aSUPPRESSED$bunable to determine reason for suppression

