=LDR  01954 am a2200517 a 4500
=001  015464012
=003  Uk
=005  20110606143152.0
=006  m\\\\|\\\d\|\\\\\\
=007  cr||||||||||||
=008  100114s2009\\\\enk||||\s\\\\\000\0\eng\\
=015  \\$aGBB0C6428$2bnb
=020  \\$z9781905018758
=040  \\$aUk$beng$cUk
=042  \\$aukblsr
=082  04$a363.590941$222
=100  1\$aThornhill, John.
=245  10$aEquality, diversity and good relations in housing$h[electronic resource] /$c[author, John Thornhill ; contributors, John Perry, Sarah Clement ; editor, Debbie Larner].
=260  \\$a[Coventry] :$bCIH,$c2009.
=300  \\$a32 p. :$bdigital, PDF file.
=336  \\$atext$2rdacontent
=337  \\$acomputer$2rdamedia
=338  \\$aonline resource$2rdacarrier
=500  \\$aTitle from PDF title page (viewed on 21 Oct., 2010).
=500  \\$a"Practice briefs."
=530  \\$aAlso issued in print format.
=538  \\$aMode of access: World Wide Web.
=538  \\$aSystem requirements: Adobe Acrobat Reader.
=650  \0$aDiscrimination in housing$zGreat Britain.
=650  \0$aMinorities$xHousing$zGreat Britain.
=650  \0$aEquality.
=650  \0$aPeople with disabilities$xHousing$zGreat Britain.
=650  \0$aOlder people$xHousing$zGreat Britain.
=700  1\$aLarner, Debbie.
=710  2\$aChartered Institute of Housing (Great Britain)
=710  1\$aGreat Britain.$bEquality and Human Rights Commission.
=856  40$ahttp://www.cih.org/practice/briefs/documents/EqualityDiversityPracticeBrief.pdf
=CAT  \\$a10902$b40$c20100114$lBLL01$h0857
=CAT  \\$a12181$b40$c20101021$lBLL01$h1355
=CAT  \\$a11279$b40$c20110606$lBLL01$h1430
=CAT  \\$a11279$b40$c20110606$lBLL01$h1431
=CAT  \\$aW1711-1225$c20171203$lBLL01$h1036
=FIN  \\$aY$d20101021
=FMT  \\$a  BK
=LAS  \\$aW1711-1225$b00$c20171203$lBLL01$h1036
=STA  \\$aSUPPRESSED$bunable to determine reason for suppression

