=LDR  01921 am a2200481 a 4500
=001  015466914
=003  Uk
=005  20101022103411.0
=006  m\\\\|\\\d\|\\\\\\
=007  cr||||||||||||
=008  100119s2009\\\\enk||||\s\\\\o000\0\eng\\
=015  \\$aGBB0C6482$2bnb
=040  \\$aUk$beng$cUk
=042  \\$aukblsr
=082  04$a333.79170941$222
=245  00$aImpact assessment of smart/advanced meters roll out to small and medium businesses$h[electronic resource].
=260  \\$aLondon :$bDECC,$c2009.
=300  \\$a31 p. :$bdigital, PDF file.
=336  \\$atext$2rdacontent
=337  \\$acomputer$2rdamedia
=338  \\$aonline resource$2rdacarrier
=500  \\$aTitle from PDF title page (viewed on 21 Oct., 2010).
=500  \\$aPublisher's no.: URN 09D/525.
=538  \\$aMode of access: World Wide Web.
=538  \\$aSystem requirements: Adobe Acrobat Reader.
=650  \0$aElectric meters$zGreat Britain$xCost effectiveness.
=650  \0$aEnergy consumption$xGovernment policy$zGreat Britain.
=650  \0$aGas-meters$zGreat Britain$xCost effectiveness.
=650  \0$aSmall business$xEnergy consumption$zGreat Britain.
=710  1\$aGreat Britain.$bDepartment of Energy and Climate Change.
=856  40$ahttp://www.decc.gov.uk/assets/decc/Consultations/Smart%20Metering%20for%20Electricity%20and%20Gas/1_20091202094552_e_@@_SmartMetersSME.pdf
=985  \\$aRecord amended for WR# 13/070
=CAT  \\$a10902$b40$c20100119$lBLL01$h1026
=CAT  \\$a10902$b40$c20100119$lBLL01$h1027
=CAT  \\$a12181$b40$c20101021$lBLL01$h1734
=CAT  \\$a12181$b40$c20101021$lBLL01$h1755
=CAT  \\$a12181$b40$c20101022$lBLL01$h1034
=CAT  \\$aWR13_070$b00$c20130504$lBLL01$h0323
=CAT  \\$aW1711-1225$c20171203$lBLL01$h1036
=FIN  \\$aY$d20101021
=FMT  \\$a  BK
=LAS  \\$aW1711-1225$b00$c20171203$lBLL01$h1036
=STA  \\$aSUPPRESSED$bunable to determine reason for suppression

