=LDR  02047 am a2200517 a 4500
=001  015466949
=003  Uk
=005  20101022121809.0
=006  m\\\\|\\\d\|\\\\\\
=007  cr||||||||||||
=008  100119s2009\\\\enk||||\s\\\\o000\0\eng\\
=015  \\$aGBB0C6837$2bnb
=040  \\$aUk$beng$cUk
=042  \\$aukblsr
=082  04$a333.79170941$222
=100  1\$aHayward, Jim.
=245  10$aSmart meter roll-out.$pEnergy network business market model definition & evaluation project$h[electronic resource] /$c[authors, Jim Hayward, Alasdair Dorrat, Duncan Sinclair].
=260  \\$aLondon :$bDECC,$c2009.
=300  \\$a58 p. :$bdigital, PDF file.
=336  \\$atext$2rdacontent
=337  \\$acomputer$2rdamedia
=338  \\$aonline resource$2rdacarrier
=500  \\$aTitle from PDF title page (viewed on 22 Oct., 2010).
=500  \\$aPublisher's no.: URN 09D/837.
=538  \\$aMode of access: World Wide Web.
=538  \\$aSystem requirements: Adobe Acrobat Reader.
=650  \0$aElectric meters$zGreat Britain$xCost effectiveness.
=650  \0$aEnergy consumption$xCost control.
=650  \0$aEnergy consumption$xGovernment policy$zGreat Britain.
=650  \0$aGas-meters$zGreat Britain$xCost effectiveness.
=700  1\$aDorrat, Alasdair.
=700  1\$aSinclair, Duncan.
=710  1\$aGreat Britain.$bDepartment of Energy and Climate Change.
=710  2\$aBaringa (Firm)
=710  2\$aRedpoint Energy Ltd.
=856  40$ahttp://www.decc.gov.uk/assets/decc/Consultations/Smart%20Metering%20for%20Electricity%20and%20Gas/1_20091202094532_e_@@_ENBMarketModelReport.pdf
=985  \\$aRecord amended for WR# 13/070
=CAT  \\$a10902$b40$c20100119$lBLL01$h1042
=CAT  \\$a10902$b40$c20100119$lBLL01$h1043
=CAT  \\$a12181$b40$c20101022$lBLL01$h1218
=CAT  \\$aWR13_070$b00$c20130504$lBLL01$h0323
=CAT  \\$aW1711-1225$c20171203$lBLL01$h1036
=FIN  \\$aY$d20101022
=FMT  \\$a  BK
=LAS  \\$aW1711-1225$b00$c20171203$lBLL01$h1036
=STA  \\$aSUPPRESSED$bunable to determine reason for suppression

