=LDR  02117 am a2200541 i 4500
=001  015470881
=003  Uk
=005  20121119143034.0
=006  m\\\\||\\d\|\\\\\\
=007  cr\|||||||||||
=008  100122s2009\\\\enka\\\\o\\\\o000\0\wel\\
=015  \\$aGBB2B6212$2bnb
=020  \\$z9781849871044
=040  \\$aUk$beng$cUk$erda
=042  \\$aukblsr
=082  04$a361.00683$223
=245  02$aY Cynllun Fetio a Gwahardd :$bcanllawiau, Hydref 2009.
=260  \\$a[London] :$bCynhyrchwyd gan COI ar ran y Swyddfa Gartref,$c[2009]
=300  \\$a1 online resource (22 pages) :$billustrations (colour)
=336  \\$atext$2rdacontent
=337  \\$acomputer$2rdamedia
=338  \\$aonline resource$2rdacarrier
=588  \\$aDescription based on online resource; title from PDF cover (viewed on November 19, 2012).
=650  \0$aChild abuse$xPrevention$zEngland.
=650  \0$aChild abuse$xPrevention$zWales.
=650  \0$aChild abuse$xPrevention$zNorthern Ireland.
=650  \0$aLearning disabled adults$xProtection$zEngland.
=650  \0$aLearning disabled adults$xProtection$zWales.
=650  \0$aLearning disabled adults$xProtection$zNorthern Ireland.
=650  \0$aFrail elderly$xProtection$zEngland.
=650  \0$aFrail elderly$xProtection$zWales.
=650  \0$aFrail elderly$xProtection$zNorthern Ireland.
=650  \0$aCriminal records$zEngland.
=650  \0$aCriminal records$zWales.
=650  \0$aCriminal records$zNorthern Ireland.
=650  \0$aDisclosure of information$zEngland.
=650  \0$aDisclosure of information$zWales.
=650  \0$aDisclosure of information$zNorthern Ireland.
=710  1\$aGreat Britain.$bHome Office,$epublisher.
=856  40$ahttp://www.isa.homeoffice.gov.uk/PDF/VBS_GUIDANCE_Welsh_NOV09.pdf
=CAT  \\$a10902$b40$c20100122$lBLL01$h1148
=CAT  \\$a12167$b40$c20121119$lBLL01$h1422
=CAT  \\$a12167$b40$c20121119$lBLL01$h1430
=CAT  \\$aW1711-1225$c20171203$lBLL01$h1036
=FIN  \\$aY$d20121119
=FMT  \\$a  BK
=LAS  \\$aW1711-1225$b00$c20171203$lBLL01$h1036
=STA  \\$aSUPPRESSED$bunable to determine reason for suppression

