=LDR  01808 am a2200445 a 4500
=001  015474974
=003  Uk
=005  20110603001551.0
=006  m||||||||d||||||||
=007  cr||||||||||||
=008  110531s2010\\\\enk\\\\\o\\\\o000\0\eng|\
=015  \\$aGBB167236$2bnb
=040  \\$aStDuBDS$beng$cStDuBDS
=042  \\$aukblsr
=082  04$a344.41046342$222
=245  00$aImpact assessment of implications of Article 27 of revised directive 2003/87/EC (EU emissions trading system)$h[electronic resource] :$bsummary - intervention & options.
=260  \\$aLondon :$bDept. of Energy and Climate Change,$c2010.
=300  \\$a1 online resource (20 p.)
=336  \\$atext$2rdacontent
=337  \\$acomputer$2rdamedia
=338  \\$aonline resource$2rdacarrier
=500  \\$aTitle from PDF title page (viewed on May 31, 2011).
=504  \\$aIncludes bibliographical references.
=650  \0$aEmissions trading$xLaw and legislation$zGreat Britain.
=710  1\$aGreat Britain.$bDepartment of Energy and Climate Change.
=856  \\$ahttp://www.decc.gov.uk/Media/viewfile.ashx?FilePath=Consultations\jan2010euets\1_20100118163550_e_@@_IAsmallEmitterHospitalOptout.pdf&filetype=4
=985  \\$aNETCAT record
=985  \\$aRecord amended for WR# 13/070
=CAT  \\$a10983$b40$c20100127$lBLL01$h1126
=CAT  \\$a10983$b40$c20100127$lBLL01$h1129
=CAT  \\$a10983$b40$c20100127$lBLL01$h1517
=CAT  \\$aBATCH-SURR$b00$c20110603$lBLL01$h0015
=CAT  \\$aWR13_070$b00$c20130504$lBLL01$h0323
=CAT  \\$aWR13_070C$c20130611$lBLL01$h1857
=CAT  \\$aW1711-1225$c20171203$lBLL01$h1036
=FIN  \\$aY$d20110603
=FMT  \\$a  BK
=LAS  \\$aW1711-1225$b00$c20171203$lBLL01$h1036
=SRC  \\$aNETCAT$bbdsemedia.20110603
=STA  \\$aSUPPRESSED$bunable to determine reason for suppression

