=LDR  01110 am a22002653a 4500
=001  015475238
=003  Uk
=005  20200417184140.0
=008  100127s\\\\\\\\\\\\\\\\\\\\\\\0\\\\eng\\
=245  \0$aTask force on renewable energy & low carbon deployment :$bterms of reference.
=260  \\$aLondon :$bDepartment of Energy and Climate Change,$c2010.
=336  \\$atext$2rdacontent
=337  \\$aunmediated$2rdamedia
=338  \\$avolume$2rdacarrier
=500  \\$aURN 10D/521
=856  \\$ahttp://www.decc.gov.uk/Media/viewfile.ashx?FilePath=What%20we%20do\UK%20energy%20supply\Energy%20mix\Renewable%20energy\ORED\1_20100114145111_e_@@_TaskForceTermsofReference.pdf&filetype=4
=985  \\$aUpgraded by BSS-generated file for WR1910-0531
=CAT  \\$a10983$b40$c20100127$lBLL01$h1510
=CAT  \\$a10983$b40$c20100127$lBLL01$h1511
=CAT  \\$a10983$b40$c20100127$lBLL01$h1512
=CAT  \\$aW1711-1225$c20171203$lBLL01$h1036
=CAT  \\$aW1910-0531$b00$c20200417$lBLL01$h1841
=FMT  \\$a  BK
=LAS  \\$aW1910-0531$b00$c20200417$lBLL01$h1841
=STA  \\$aSUPPRESSED$bunable to determine reason for suppression

