=LDR  01897 am a2200457 a 4500
=001  015476296
=003  Uk
=005  20100201161052.0
=006  m\\\\|\\\d\|\\\\\\
=007  cr||||||||||||
=008  100129s2007\\\\enk||||\sb\\\\000\0\eng\\
=040  \\$aUk$beng$cUk
=042  \\$aukblsr
=245  04$aThe fourth option$h[electronic resource] :$btraditional values in a modern setting? : a policy review for FOSIG /$cproduced by the Tavistock Institute for the Fourth Option Special Interest Group (FOSIG).
=260  \\$aLondon :$bTavistock Institute,$c2007.
=300  \\$a35 p. :$bdigital, PDF file.
=336  \\$atext$2rdacontent
=337  \\$acomputer$2rdamedia
=338  \\$aonline resource$2rdacarrier
=500  \\$aTitle from PDF title page (viewed on 1 Feb., 2010).
=504  \\$aIncludes bibliographical references.
=538  \\$aMode of access: World Wide Web.
=538  \\$aSystem requirements: Adobe Acrobat Reader.
=650  \0$aLocal government$zGreat Britain.
=650  \0$aDecentralization in government$zGreat Britain.
=650  \0$aPolitical participation$zGreat Britain.
=690  7\$aManagement and Business Studies$2blcoll
=710  2\$aLocal Government Association (England and Wales).$bFourth Option Special Interest Group.
=710  2\$aTavistock Institute of Human Relations.
=856  40$ahttp://www.tavinstitute.org/pdf/reports/02_The_Fourth_Option.pdf
=CAT  \\$a10902$b40$c20100129$lBLL01$h1212
=CAT  \\$a10902$b40$c20100129$lBLL01$h1213
=CAT  \\$a12181$b40$c20100201$lBLL01$h1557
=CAT  \\$a12181$b40$c20100201$lBLL01$h1558
=CAT  \\$a12181$b40$c20100201$lBLL01$h1607
=CAT  \\$a12181$b40$c20100201$lBLL01$h1610
=CAT  \\$aW1711-1225$c20171203$lBLL01$h1036
=FIN  \\$aY$d20100201
=FMT  \\$a  BK
=LAS  \\$aW1711-1225$b00$c20171203$lBLL01$h1036
=STA  \\$aSUPPRESSED$bunable to determine reason for suppression

