=LDR  03066 as a2200625 a 4500
=001  015481602
=003  Uk
=005  20100826155227.0
=006  m\\\\\\\\d\|\\\\\\
=007  cr||||||||||||
=008  100206d200u2009stkar\\\sf\\\o0\\\a0eng\\
=015  \\$aGBB021047$2bnb
=040  \\$aUk$beng$cUk$dUk
=042  \\$aukblsr
=082  04$a343.41107869$222
=130  0\$aScottish Building Standards technical handbook. Non-domestic (Online)
=245  14$aThe Scottish Building Standards technical handbook.$pNon-domestic$h[electronic resource].
=246  13$aNon-domestic handbook
=246  13$aNon-domestic
=246  13$aTechnical handbooks. Non-domestic
=260  \\$a[Scotland] :$bScottish Building Standards Agency
=310  \\$aAnnual
=336  \\$atext$2rdacontent
=337  \\$acomputer$2rdamedia
=338  \\$aonline resource$2rdacarrier
=362  0\$a-2009.
=500  \\$aDescription based on: 2009 issue; title from print record.
=530  \\$aAlso issued in print format.
=538  \\$aMode of access: World Wide Web.
=538  \\$aSystem requirements: Adobe Acrobat Reader.
=580  \\$aAlso issued as part of CD-ROM entitled: Scottish building standards technical handbooks.
=650  \0$aBuilding laws$zScotland$vHandbooks, manuals, etc.
=650  \0$aStandards, Engineering$zScotland$vHandbooks, manuals, etc.
=710  2\$aScottish Building Standards Agency.
=775  1\$tScottish building standards technical handbooks
=776  1\$tScottish Building Standards technical handbook. Non-domestic
=785  00$aBuilding standards technical handbook. Non-domestic (Online)
=856  4\$zhttp://www.sbsa.gov.uk/tech_handbooks/tbooks_index.htm$zFollow link to resource
=985  \\$atitle from print record (as PDF lacks t.p); from 2010 different publisher: http://www.scotland.gov.uk/Topics/Built-Environment/Building/Building-standards/publications/pubtechalso a C/T (taken from HTML) "Building standards technical handbook. Non-domestic (Online)"; decided not to take new title as held as CD-ROM.
=CAT  \\$a7332$b40$c20100206$lBLL01$h1452
=CAT  \\$a7332$b40$c20100206$lBLL01$h1454
=CAT  \\$a7332$b40$c20100206$lBLL01$h1459
=CAT  \\$a3072$b40$c20100826$lBLL01$h1502
=CAT  \\$a3072$b40$c20100826$lBLL01$h1549
=CAT  \\$a3072$b40$c20100826$lBLL01$h1552
=CAT  \\$aWR14_140$c20140905$lBLL01$h1824
=CAT  \\$aW1711-1225$c20171203$lBLL01$h1036
=FIN  \\$aY$d20100206
=FMT  \\$a  SE
=LAS  \\$aW1711-1225$b00$c20171203$lBLL01$h1036
=LET  \0$aThe Scottish Building Standards technical handbook. Non-domestic (Online)
=LKR  \\$aPAR$b013771677$lBLL01$r776$mScottish Building Standards technical handbook. Non-domestic (Online)$nThe Scottish Building Standards technical handbook. Non-domestic (Print)
=LKR  \\$aPAR$b013429129$lBLL01$r775$mScottish Building Standards technical handbook. Non-domestic (Online)$nScottish building standards technical handbooks (CD-ROM)
=STA  \\$aSUPPRESSED$bunable to determine reason for suppression
=TCO  \\$aCLA$bCLA$c008

