=LDR  01834 am a2200505 a 4500
=001  015486491
=003  Uk
=005  20100817174350.0
=006  m\\\\|\\\d\|\\\\\\
=007  cr||||||||||||
=008  100212s2010\\\\stk||||\s\\\\o000\0\eng\\
=015  \\$aGBB097696$2bnb
=020  \\$z9780755977994
=040  \\$aUk$beng$cUk
=042  \\$aukblsr
=082  04$a384.540941$222
=100  1\$aWest, Catriona.
=245  10$aPublic attitudes to broadcasting 2009$h[electronic resource] /$cCatriona West.
=260  \\$aEdinburgh :$bScottish Government,$c2010.
=300  \\$a4 p. :$bdigital, PDF file.
=336  \\$atext$2rdacontent
=337  \\$acomputer$2rdamedia
=338  \\$aonline resource$2rdacarrier
=490  1\$aResearch findings ;$v4/2010
=500  \\$aTitle from PDF title page (viewed on 17 Aug., 2010).
=500  \\$a"Arts and culture."
=538  \\$aMode of access: World Wide Web.
=538  \\$aSystem requirements: Adobe Acrobat Reader.
=650  \0$aBroadcasting$zGreat Britain$xPublic opinion.
=650  \0$aPublic opinion$zScotland.
=710  1\$aScotland.$bSocial Research.
=710  1\$aGreat Britain.$bTreasury.$bGovernment Social Research Unit.
=830  \0$aResearch findings (Scotland. Social Research) ;$vno. 4/2010.
=856  40$ahttp://www.scotland.gov.uk/Resource/Doc/299581/0093398.pdf
=CAT  \\$a10902$b40$c20100212$lBLL01$h1415
=CAT  \\$a10902$b40$c20100212$lBLL01$h1416
=CAT  \\$a10902$b40$c20100212$lBLL01$h1417
=CAT  \\$a12181$b40$c20100817$lBLL01$h1633
=CAT  \\$a12181$b40$c20100817$lBLL01$h1718
=CAT  \\$a12181$b40$c20100817$lBLL01$h1743
=CAT  \\$aW1711-1225$c20171203$lBLL01$h1036
=FIN  \\$aY$d20100817
=FMT  \\$a  BK
=LAS  \\$aW1711-1225$b00$c20171203$lBLL01$h1036
=STA  \\$aSUPPRESSED$bunable to determine reason for suppression

