=LDR  01958 am a2200469 a 4500
=001  015488636
=003  Uk
=005  20100920141134.0
=006  m\\\\|\\\d\|\\\\\\
=007  cr||||||||||||
=008  100216s2009\\\\enk||||\s\\\\o000\0\eng\\
=015  \\$aGBB0B2598$2bnb
=040  \\$aUk$beng$cUk
=042  \\$aukblsr
=082  04$a363.7387460941$222
=245  00$aExtending the carbon emissions reduction target$h[electronic resource] :$bconsultation on a CERT framework for the period April 2011 to December 2012.
=260  \\$aLondon :$bDepartment of Energy & Climate Change,$c2009.
=300  \\$a33 p. :$bdigital, PDF file.
=336  \\$atext$2rdacontent
=337  \\$acomputer$2rdamedia
=338  \\$aonline resource$2rdacarrier
=500  \\$aTitle from PDF title page (viewed on 20 Sept. 2010).
=500  \\$aPublisher's no.: URN 09D/845.
=538  \\$aMode of access: World Wide Web.
=538  \\$aSystem requirements: Adobe Acrobat Reader.
=650  \0$aCarbon dioxide mitigation$xGovernment policy$zGreat Britain.
=650  \0$aDwellings$xEnergy conservation$xGovernment policy$zGreat Britain.
=650  \0$aEnergy conservation$xGovernment policy$zGreat Britain.
=650  \0$aPoor$xEnergy assistance$xGovernment policy$zGreat Britain.
=710  1\$aGreat Britain.$bDepartment of Energy and Climate Change.
=856  40$ahttp://www.decc.gov.uk/assets/decc/Consultations/certextension/1_20091218162222_e_@@_extendingcertcondoc.pdf
=985  \\$aRecord amended for WR# 13/070
=CAT  \\$a10902$b40$c20100216$lBLL01$h1322
=CAT  \\$a10902$b40$c20100216$lBLL01$h1324
=CAT  \\$a12181$b40$c20100920$lBLL01$h1410
=CAT  \\$a12181$b40$c20100920$lBLL01$h1411
=CAT  \\$aWR13_070$b00$c20130504$lBLL01$h0323
=CAT  \\$aW1711-1225$c20171203$lBLL01$h1036
=FIN  \\$aY$d20100920
=FMT  \\$a  BK
=LAS  \\$aW1711-1225$b00$c20171203$lBLL01$h1036
=STA  \\$aSUPPRESSED$bunable to determine reason for suppression

