=LDR  01614 am a2200433 a 4500
=001  015490770
=003  Uk
=005  20110617001608.0
=006  m||||||||d||||||||
=007  cr||||||||||||
=008  110527s2006\\\\enka\\\\ob\\\\000\0\eng|\
=015  \\$aGBB173805$2bnb
=040  \\$aStDuBDS$beng$cStDuBDS
=042  \\$aukblsr
=082  04$a615.19$222
=100  1\$aRowland, Malcolm.
=245  10$aMicrodosing and the 3Rs$h[electronic resource] /$cauthor, Malcolm Rowland.
=260  \\$aLondon :$bNational Centre for the Replacement, Refinement, and Reduction of Animals in Research,$c2006.
=300  \\$a1 online resource (7 p.) :$bcol. ill.
=336  \\$atext$2rdacontent
=337  \\$acomputer$2rdamedia
=338  \\$aonline resource$2rdacarrier
=500  \\$aTitle from title screen (viewed Sept. 7, 2010).
=504  \\$aIncludes bibliographical references.
=650  \0$aDrugs$xResearch.
=650  \0$aLaboratory animals.
=710  2\$aNational Centre for the Replacement, Refinement, and Reduction of Animals in Research (Great Britain)
=856  \\$ahttp://www.nc3rs.org.uk/downloaddoc.asp?id=339&page=193&skin=0
=985  \\$aNETCAT record
=CAT  \\$a10983$b40$c20100217$lBLL01$h1102
=CAT  \\$a10983$b40$c20100217$lBLL01$h1103
=CAT  \\$a10983$b40$c20100217$lBLL01$h1104
=CAT  \\$aBATCH-SURR$b00$c20110617$lBLL01$h0015
=CAT  \\$aW1711-1225$c20171203$lBLL01$h1036
=FIN  \\$aY$d20110617
=FMT  \\$a  BK
=LAS  \\$aW1711-1225$b00$c20171203$lBLL01$h1036
=SRC  \\$aNETCAT$bbdsemedia.20110617
=STA  \\$aSUPPRESSED$bunable to determine reason for suppression

