=LDR  01831 am a2200481 a 4500
=001  015490995
=003  Uk
=005  20100927140445.0
=006  m\\\\|\\\d\|\\\\\\
=007  cr||||||||||||
=008  100217s2009\\\\enk||||\s\\\\o000\0\eng\\
=015  \\$aGBB0B5021$2bnb
=020  \\$z9781409820253
=040  \\$aUk$beng$cUk
=042  \\$aukblsr
=082  04$a333.338750941$222
=245  00$aMeanwhile use sublease and guidance notes$h[electronic resource] :$b(for lettings by an intermediary, e.g. a local authority or voluntary body).
=260  \\$aLondon :$bCommunities and Local Government,$c[2009]
=300  \\$a20 p. :$bdigital, PDF file.
=336  \\$atext$2rdacontent
=337  \\$acomputer$2rdamedia
=338  \\$aonline resource$2rdacarrier
=500  \\$aTitle from PDF title page (viewed on 21 Sept. 2010).
=538  \\$aMode of access: World Wide Web.
=538  \\$aSystem requirements: Adobe Acrobat Reader.
=610  20$aMeanwhile (Project)
=650  \0$aBuilding leases$zGreat Britain.
=650  \0$aCommunity development$zGreat Britain.
=650  \0$aLandlord and tenant$zGreat Britain.
=650  \0$aStores, Retail$zGreat Britain.
=710  1\$aGreat Britain.$bDepartment for Communities and Local Government.
=856  40$ahttp://www.communities.gov.uk/documents/regeneration/pdf/1384626.pdf
=985  \\$aRecord amended for WR# 13/070
=CAT  \\$a10902$b40$c20100217$lBLL01$h1432
=CAT  \\$a10902$b40$c20100217$lBLL01$h1433
=CAT  \\$a12181$b40$c20100921$lBLL01$h1732
=CAT  \\$a12181$b40$c20100927$lBLL01$h1404
=CAT  \\$aWR13_070$b00$c20130504$lBLL01$h0323
=CAT  \\$aW1711-1225$c20171203$lBLL01$h1036
=FIN  \\$aY$d20100921
=FMT  \\$a  BK
=LAS  \\$aW1711-1225$b00$c20171203$lBLL01$h1036
=STA  \\$aSUPPRESSED$bunable to determine reason for suppression

