=LDR  01714 am a2200457 a 4500
=001  015496000
=003  Uk
=005  20110617001608.0
=006  m||||||||d||||||||
=007  cr||||||||||||
=008  110608s2009\\\\enka\\\\ob\\\\000\0\eng|\
=015  \\$aGBB173788$2bnb
=020  \\$z9781905030392
=040  \\$aStDuBDS$beng$cStDuBDS
=042  \\$aukblsr
=082  04$a362.10941$222
=100  1\$aEllins, Jo.
=245  10$aNHS mutual :$bengaging staff and aligning incentives to achieve higher levels of performance /$cJo Ellins and Chris Ham.
=260  \\$aLondon :$bNuffield Trust for Research and Policy Studies in Health Services,$cc2009.
=300  \\$a84 p. :$bill.
=336  \\$atext$2rdacontent
=337  \\$acomputer$2rdamedia
=338  \\$aonline resource$2rdacarrier
=500  \\$aTitle from PDF title page (viewed on June 8, 2011).
=504  \\$aIncludes bibliographical references.
=650  \0$aNational health services$zGreat Britain.
=650  \0$aEmployee ownership$zGreat Britain.
=700  1\$aHam, Christopher.
=710  2\$aNuffield Trust for Research and Policy Studies in Health Services.
=856  40$ahttp://www.nuffieldtrust.org.uk/members/download.aspx?f=/ecomm/files/NHS_Mutual_01JUL09.pdf
=985  \\$aNETCAT record
=CAT  \\$a10983$b40$c20100224$lBLL01$h1133
=CAT  \\$a10983$b40$c20100224$lBLL01$h1134
=CAT  \\$a7164$b40$c20110301$lBLL01$h1305
=CAT  \\$aBATCH-SURR$b00$c20110617$lBLL01$h0015
=CAT  \\$aW1711-1225$c20171203$lBLL01$h1036
=FIN  \\$aY$d20110617
=FMT  \\$a  BK
=LAS  \\$aW1711-1225$b00$c20171203$lBLL01$h1036
=SRC  \\$aNETCAT$bbdsemedia.20110617
=STA  \\$aSUPPRESSED$bunable to determine reason for suppression

