=LDR  01897 am a2200433 a 4500
=001  015496138
=003  Uk
=005  20100227120320.0
=006  m\\\\|\\\d\|\\\\\\
=007  cr||||||||||||
=008  100224s2006\\\\enk||||\sb\\\\00|\0\eng\\
=015  \\$aGBB032577$2bnb
=040  \\$aUk$beng$cUk
=042  \\$aukblsr
=100  1\$aNicholson, Nigel.
=245  14$aThe family firm performance$h[electronic resource] :$bthe role of family structure, culture and leadership /$c[N. Nicholson].
=260  \\$aSwindon :$bEconomic & Social Research Council,$c[2006]
=300  \\$a16 p. :$bdigital, PDF file.
=336  \\$atext$2rdacontent
=337  \\$acomputer$2rdamedia
=338  \\$aonline resource$2rdacarrier
=500  \\$aTitle from publisher's website (viewed on 27 Feb., 2010).
=500  \\$aPublisher's ref. no.: RES-000-22-0302.
=504  \\$aIncludes bibliographical references.
=538  \\$aMode of access: World Wide Web.
=538  \\$aSystem requirements: Adobe Acrobat Reader.
=650  \0$aFamily-owned business enterprises.
=650  \0$aFamily-owned business enterprises$xManagement.
=690  7\$aManagement and Business Studies$2blcoll
=710  2\$aEconomic and Social Research Council (Great Britain)
=856  4\$ahttp://www.esrcsocietytoday.ac.uk/ESRCInfoCentre/ViewOutputPage.aspx?data=lWEC7sNY9jlnfD32Q%2fmeIPy2Z95wEGwMilPOpEWE8C0y4Ah2uZEp1nCwLRYQ8IlRyMhuHwviZN8cPYR6%2bZg6jbcpu4OSWyR2r2S9o0V8kjrZntDDh9EW7YNGGa6tmbpvN3%2bsaXTcnCOV7gQomqT%2bOg%3d%3d&xu=0&isAwardHolder=&isProfiled=&AwardHolderID=&Sector=
=CAT  \\$a10902$b40$c20100224$lBLL01$h1350
=CAT  \\$a10902$b40$c20100224$lBLL01$h1352
=CAT  \\$a11281$b40$c20100227$lBLL01$h1203
=CAT  \\$aW1711-1225$c20171203$lBLL01$h1036
=FIN  \\$aY$d20100227
=FMT  \\$a  BK
=LAS  \\$aW1711-1225$b00$c20171203$lBLL01$h1036
=STA  \\$aSUPPRESSED$bunable to determine reason for suppression

