=LDR  01978 am a2200481 a 4500
=001  015498587
=003  Uk
=005  20110603001545.0
=006  m||||||||d||||||||
=007  cr||||||||||||
=008  110527s2009\\\\enk\\\\\ob\\\\000\0\eng|\
=015  \\$aGBB167136$2bnb
=040  \\$aStDuBDS$beng$cStDuBDS
=042  \\$aukblsr
=082  04$a338.4766342094109034$222
=100  1\$aPryor, Alan.
=245  10$aIndian pale ale$h[electronic resource] :$ban icon of empire /$cAlan Pryor.
=260  \\$aMilton Keynes :$bFerguson Centre for African and Asian Studies,$c2009.
=300  \\$a1 online resource (23 p.).
=336  \\$atext$2rdacontent
=337  \\$acomputer$2rdamedia
=338  \\$aonline resource$2rdacarrier
=490  0\$aCommodities of empire working paper ;$vno. 13
=500  \\$aTitle from PDF title page (viewed on May 27, 2011).
=500  \\$aJoint research collaboration between the Ferguson Centre for African and Asian Studies and the Caribbean Studies Centre.
=504  \\$aIncludes bibliographical references.
=650  \0$aAle$zGreat Britain$xHistory$y19th century.
=650  \0$aImperialism$xEconomic aspects$zGreat Britain$xColonies$zAsia.
=651  \0$aGreat Britain$xForeign economic relations$zIndia.
=651  \0$aIndia$xForeign economic relations$zGreat Britain.
=710  2\$aFerguson Centre for African and Asian Studies.
=710  2\$aCaribbean Studies Centre (London Metropolitan University)
=856  \\$ahttp://www.open.ac.uk/Arts/ferguson-centre/commodities-of-empire/working-papers/WP13.pdf
=985  \\$aNETCAT record
=CAT  \\$a10983$b40$c20100302$lBLL01$h0916
=CAT  \\$a10983$b40$c20100302$lBLL01$h0918
=CAT  \\$aBATCH-SURR$b00$c20110603$lBLL01$h0014
=CAT  \\$aW1711-1225$c20171203$lBLL01$h1036
=FIN  \\$aY$d20110603
=FMT  \\$a  BK
=LAS  \\$aW1711-1225$b00$c20171203$lBLL01$h1036
=SRC  \\$aNETCAT$bbdsemedia.20110603
=STA  \\$aSUPPRESSED$bunable to determine reason for suppression

