=LDR  01825 am a2200433 a 4500
=001  015498696
=003  Uk
=005  20110603001551.0
=006  m||||||||d||||||||
=007  cr||||||||||||
=008  110531s2009\\\\enka\\\\ob\\\\000\0\eng|\
=015  \\$aGBB167237$2bnb
=040  \\$aStDuBDS$beng$cStDuBDS
=042  \\$aukblsr
=082  04$a333.7940941$222
=245  00$aImpact assessment accompanying the Renewables Obligation Order 2010 (URN 09D/850)$h[electronic resource] :$bsummary - intervention & options.
=260  \\$aLondon :$bDept. of Energy and Climate Change,$c2009.
=300  \\$a1 online resource (26 p.) :$bcol. ill.
=336  \\$atext$2rdacontent
=337  \\$acomputer$2rdamedia
=338  \\$aonline resource$2rdacarrier
=500  \\$aTitle from PDF title page (viewed on May 31, 2011).
=504  \\$aIncludes bibliographical references.
=650  \0$aRenewable energy sources$xGovernment policy$zGreat Britain.
=710  1\$aGreat Britain.$bDepartment of Energy and Climate Change.
=856  \\$ahttp://www.decc.gov.uk/media/viewfile.ashx?filepath=consultations/renewable%20electricity%20financial%20incentives/1_20091216153225_e_@@_iaaccompanyinggovernmentresponseonstatutoryconsultationforroorder2010.pdf&filetype=4
=985  \\$aNETCAT record
=985  \\$aRecord amended for WR# 13/070
=CAT  \\$a10983$b40$c20100302$lBLL01$h1055
=CAT  \\$a10983$b40$c20100302$lBLL01$h1056
=CAT  \\$aBATCH-SURR$b00$c20110603$lBLL01$h0015
=CAT  \\$aWR13_070$b00$c20130504$lBLL01$h0324
=CAT  \\$aWR13_070C$c20130611$lBLL01$h1857
=CAT  \\$aW1711-1225$c20171203$lBLL01$h1036
=FIN  \\$aY$d20110603
=FMT  \\$a  BK
=LAS  \\$aW1711-1225$b00$c20171203$lBLL01$h1036
=SRC  \\$aNETCAT$bbdsemedia.20110603
=STA  \\$aSUPPRESSED$bunable to determine reason for suppression

