=LDR  01782 am a2200469 a 4500
=001  015501550
=003  Uk
=005  20110603001531.0
=006  m||||||||d||||||||
=007  cr||||||||||||
=008  110520s2010\\\\enka\\\\ob\\\\000\0\eng|\
=015  \\$aGBB166888$2bnb
=020  \\$z9781907288197
=040  \\$aStDuBDS$beng$cStDuBDS
=042  \\$aukblsr
=082  04$a363.738747$222
=245  00$aDevelopment, trade and carbon reduction$h[electronic resource] :$bdesigning coexistence to promote development /$cJodie Keane ... [et al.].
=260  \\$aLondon :$bOverseas Development Institute,$c2010.
=300  \\$a1 online resource (33 p.) :$bcol. ill.
=336  \\$atext$2rdacontent
=337  \\$acomputer$2rdamedia
=338  \\$aonline resource$2rdacarrier
=490  1\$aWorking paper ;$v315
=500  \\$aTitle from PDF title page (viewed on May 20, 2011).
=504  \\$aIncludes bibliographical references.
=650  \0$aCarbon dioxide mitigation$xEconomic aspects.
=650  \0$aEconomic development$xEnvironmental aspects.
=650  \0$aInternational trade$xEnvironmental aspects.
=700  1\$aKeane, Jodie.
=710  2\$aOverseas Development Institute (London, England)
=830  \0$aWorking paper (Overseas Development Institute (London, England)) ;$v315.
=856  40$ahttp://www.odi.org.uk/resources/download/4745.pdf
=985  \\$aNETCAT record
=CAT  \\$a10983$b40$c20100303$lBLL01$h1530
=CAT  \\$a7164$b40$c20110308$lBLL01$h1615
=CAT  \\$aBATCH-SURR$b00$c20110603$lBLL01$h0014
=CAT  \\$aW1711-1225$c20171203$lBLL01$h1036
=FIN  \\$aY$d20110603
=FMT  \\$a  BK
=LAS  \\$aW1711-1225$b00$c20171203$lBLL01$h1036
=SRC  \\$aNETCAT$bbdsemedia.20110603
=STA  \\$aSUPPRESSED$bunable to determine reason for suppression

