=LDR  01760 am a2200505 a 4500
=001  015507348
=003  Uk
=005  20101118151305.0
=006  m\\\\|\\\d\|\\\\\\
=007  cr||||||||||||
=008  100311s2010\\\\enk||||\s\\\\o000\0\eng\\
=015  \\$aGBB0D7919$2bnb
=020  \\$z9781849871532
=040  \\$aUk$beng$cUk
=042  \\$aukblsr
=082  04$a363.220942$222
=100  1\$aBrasnett, Laura.
=245  10$aUnderstanding overtime in the police service$h[electronic resource] /$cLaura Brasnett, Mahlon Evans-Sinclair and Eva Gottschalk.
=260  \\$aLondon :$bHome Office,$c2010.
=300  \\$a28 p. :$bdigital, PDF file.
=336  \\$atext$2rdacontent
=337  \\$acomputer$2rdamedia
=338  \\$aonline resource$2rdacarrier
=500  \\$aTitle from PDF title page (viewed on 18 Nov. 2010).
=538  \\$aMode of access: World Wide Web.
=538  \\$aSystem requirements: Adobe Acrobat Reader.
=650  \0$aPolice$zEngland.
=650  \0$aPolice$zWales.
=650  \0$aOvertime$zEngland.
=650  \0$aOvertime$zWales.
=700  1\$aEvans-Sinclair, Mahlon.
=700  1\$aGottschalk, Eva.
=710  1\$aGreat Britain.$bPolice Productivity Unit.
=710  1\$aGreat Britain.$bHome Office.
=856  40$ahttp://library.npia.police.uk/docs/homeoffice/police-overtime.pdf
=CAT  \\$a10902$b40$c20100311$lBLL01$h1141
=CAT  \\$a10902$b40$c20100311$lBLL01$h1142
=CAT  \\$a12181$b40$c20101118$lBLL01$h1512
=CAT  \\$a12181$b40$c20101118$lBLL01$h1513
=CAT  \\$aBATCH$b00$c20101119$lBLL01$h0820
=CAT  \\$aW1711-1225$c20171203$lBLL01$h1036
=FIN  \\$aY$d20101118
=FMT  \\$a  BK
=LAS  \\$aW1711-1225$b00$c20171203$lBLL01$h1036
=STA  \\$aSUPPRESSED$bunable to determine reason for suppression

