=LDR  01327 am a2200385 a 4500
=001  015507389
=003  Uk
=005  20110125173103.0
=006  m\\\\|\\\d\|\\\\\\
=007  cr||||||||||||
=008  100311s2010\\\\enk||||\s\\\\o000\0\eng\\
=015  \\$aGBB113551$2bnb
=040  \\$aUk$beng$cUk
=042  \\$aukblsr
=082  04$a363.2082$222
=245  00$aAssessment of women in the police service$h[electronic resource].
=260  \\$aLondon :$bHome Office,$c2010.
=300  \\$a32 p. :$bdigital, PDF file.
=336  \\$atext$2rdacontent
=337  \\$acomputer$2rdamedia
=338  \\$aonline resource$2rdacarrier
=500  \\$aTitle from PDF title page (viewed on Jan. 25, 2011).
=538  \\$aMode of access: World Wide Web.
=538  \\$aSystem requirements: Adobe Acrobat Reader.
=650  \0$aPolicewomen$zGreat Britain.
=710  1\$aGreat Britain.$bHome Office.
=856  40$ahttp://www.bawp.org/assets/file/Women%20in%20the%20police%20service%20V3.pdf
=CAT  \\$a10902$b40$c20100311$lBLL01$h1208
=CAT  \\$a10902$b40$c20100311$lBLL01$h1209
=CAT  \\$a12181$b40$c20110125$lBLL01$h1731
=CAT  \\$aW1711-1225$c20171203$lBLL01$h1036
=FIN  \\$aY$d20110125
=FMT  \\$a  BK
=LAS  \\$aW1711-1225$b00$c20171203$lBLL01$h1036
=STA  \\$aSUPPRESSED$bunable to determine reason for suppression

