=LDR  02022 am a2200493 a 4500
=001  015525838
=003  Uk
=005  20100601114803.0
=006  m\\\\|\\\d\|\\\\\\
=007  cr||||||||||||
=008  100407s2003\\\\enk||||\sb\\\\000\0\eng\\
=015  \\$aGBB066615$2bnb
=040  \\$aUk$beng$cUk
=042  \\$aukblsr
=245  00$aUnion learning representatives - a force for renewal or ' partnership'?$h[electronic resource] /$cMoira Calveley ... [et al.].
=260  \\$aHatfield :$bUniversity of Hertfordshire Business School,$c[2003?]
=300  \\$a31 p. :$bdigital, PDF file.
=336  \\$atext$2rdacontent
=337  \\$acomputer$2rdamedia
=338  \\$aonline resource$2rdacarrier
=490  0\$aUniversity of Hertfordshire Business School working paper series
=500  \\$aTitle from PDF title page (viewed on 1 June, 2010).
=504  \\$aIncludes bibliographical references.
=538  \\$aMode of access: World Wide Web.
=538  \\$aSystem requirements: Adobe Acrobat Reader.
=650  \0$aLabor unions$zGreat Britain$xOfficials and employees.
=650  \0$aLabor unions$zEngland, South East$xOfficials and employees.
=650  \0$aLabor unions$zEngland, North East$xOfficials and employees.
=650  \0$aEmployees$xTraining of$zGreat Britain.
=650  \0$aEmployees$xTraining of$zEngland, South East.
=650  \0$aEmployees$xTraining of$zEngland, North East.
=690  7\$aManagement and Business Studies$2blcoll
=700  1\$aCalveley, Moira.
=710  2\$aUniversity of Hertfordshire.$bBusiness School.
=856  40$ahttps://uhra.herts.ac.uk/dspace/bitstream/2299/700/1/S40.pdf
=CAT  \\$a10983$b40$c20100407$lBLL01$h1522
=CAT  \\$a10983$b40$c20100407$lBLL01$h1523
=CAT  \\$a10983$b40$c20100407$lBLL01$h1524
=CAT  \\$a8141$b40$c20100601$lBLL01$h1148
=CAT  \\$aW1711-1225$c20171203$lBLL01$h1037
=FIN  \\$aY$d20100601
=FMT  \\$a  BK
=LAS  \\$aW1711-1225$b00$c20171203$lBLL01$h1037
=STA  \\$aSUPPRESSED$bunable to determine reason for suppression

