=LDR  01884 am a2200517 a 4500
=001  015537377
=003  Uk
=005  20110215110314.0
=006  m\\\\|\\\d\|\\\\\\
=007  cr||||||||||||
=008  100422s2007\\\\enk||||\sb\\\|000\0\eng\\
=015  \\$aGBB120785$2bnb
=020  \\$z1842791087
=040  \\$aUk$beng$cUk
=042  \\$aukblsr
=082  04$a362.2927$222
=100  1\$aWaller, Seta.
=245  10$aPrevention and reduction of alcohol misuse$h[electronic resource] :$breview of reviews /$c[authors: S. Waller, B. Naidoo & B. Thom].
=260  \\$a[London :$bNICE,$c2007]
=300  \\$a4 p. :$bdigital, PDF file.
=336  \\$atext$2rdacontent
=337  \\$acomputer$2rdamedia
=338  \\$aonline resource$2rdacarrier
=500  \\$aTitle from p.1 of PDF file (viewed on 15 Feb., 2011).
=500  \\$aOriginally published: London : Health Development Agency, 2002.
=500  \\$aSummary report.
=504  \\$aIncludes bibliographical references.
=530  \\$aAlso issued in print format.
=538  \\$aMode of access: World Wide Web.
=538  \\$aSystem requirements: Adobe Acrobat Reader.
=650  \0$aAlcoholism$xPrevention.
=700  1\$aNaidoo, Bhash.
=700  1\$aThom, Betsy.
=710  2\$aNational Institute for Health and Clinical Excellence (Great Britain)
=710  2\$aNHS Health Development Agency.
=856  40$ahttp://www.nice.org.uk/nicemedia/documents/eb_summaryalcohol.pdf
=CAT  \\$a12630$b40$c20100422$lBLL01$h0902
=CAT  \\$a12630$b40$c20100422$lBLL01$h0903
=CAT  \\$a12630$b40$c20100423$lBLL01$h1150
=CAT  \\$a11249$b40$c20100722$lBLL01$h1159
=CAT  \\$a8141$b40$c20110215$lBLL01$h1103
=CAT  \\$aW1711-1225$c20171203$lBLL01$h1037
=FIN  \\$aY$d20110215
=FMT  \\$a  BK
=LAS  \\$aW1711-1225$b00$c20171203$lBLL01$h1037
=STA  \\$aSUPPRESSED$bunable to determine reason for suppression

