=LDR  02051 as a2200505 a 4500
=001  015553415
=003  Uk
=005  20131014145243.0
=006  m\\\\\\\\d\|\\\\\\
=007  cr||||||||||||
=008  100514d2008201uenkar\p\s\\\\o0\\\a0eng\\
=015  \\$aGBB061669$2bnb
=040  \\$aUk$beng$cUk
=042  \\$aukblsr
=082  04$a353.40941$222
=110  1\$aGreat Britain.$bMinistry of Justice.
=245  10$aMinistry of Justice public bodies as of ...$h[electronic resource].
=260  \\$a[Great Britain] :$bMinistry of Justice
=310  \\$aAnnual
=336  \\$atext$2rdacontent
=337  \\$acomputer$2rdamedia
=338  \\$aonline resource$2rdacarrier
=362  1\$aBegan with 2008 issue?Ceased in 2010?
=500  \\$aDescription based on: 31 Mar. 2009 issue; title from PDF t.p. (publisher's web site, viewed on 14 May 2010).
=538  \\$aMode of access: World Wide Web.
=538  \\$aSystem requirements: Adobe Acrobat Reader.
=610  10$aGreat Britain.$bMinistry of Justice$vPeriodicals.
=650  \0$aJustice, Administration of$zGreat Britain$vPeriodicals.
=650  \0$aPublic institutions$zGreat Britain$vDirectories.
=650  \0$aExecutive advisory bodies$zGreat Britain$vDirectories.
=650  \0$aAdministrative agencies$zGreat Britain$vDirectories.
=780  07$tPublic bodies (Online)$x2047-265X
=856  4\$ahttp://www.justice.gov.uk/publications/public-bodies.htm$zFollow links to resource
=CAT  \\$a7332$b40$c20100514$lBLL01$h1038
=CAT  \\$a11316$b40$c20110621$lBLL01$h1503
=CAT  \\$a11316$b40$c20110623$lBLL01$h1345
=CAT  \\$a7778$b40$c20131014$lBLL01$h1452
=CAT  \\$aW1711-1225$c20171203$lBLL01$h1038
=FIN  \\$aY$d20100514
=FMT  \\$a  SE
=LAS  \\$aW1711-1225$b00$c20171203$lBLL01$h1038
=LET  \0$aMinistry of Justice public bodies as of ... (Online)
=LKR  \\$aPAR$b015829790$lBLL01$nPublic bodies (Online)$mMinistry of Justice public bodies as of ...$r78007
=STA  \\$aSUPPRESSED$bunable to determine reason for suppression
=TCO  \\$aCLA$bCLA$c008

