=LDR  02030 as a2200505 a 4500
=001  015553473
=003  Uk
=005  20151207104909.0
=006  m\\\\\\\\d\|\\\\\\
=007  cr||||||||||||
=008  100514d200u2010enkar\p\s\\\\o0\\\a0eng\\
=015  \\$aGBB061681$2bnb
=040  \\$aUk$beng$cUk$dUk
=042  \\$aukblsr
=082  04$a354.30941$222
=110  1\$aGreat Britain.$bDepartment of Energy and Climate Change.
=245  10$aDECC public bodies directory ...$h[electronic resource].
=260  \\$a[Great Britain] :$bDECC
=310  \\$aAnnual
=336  \\$atext$2rdacontent
=337  \\$acomputer$2rdamedia
=338  \\$aonline resource$2rdacarrier
=500  \\$aDescription based on: 2008-2009 issue; title from PDF t.p. (publisher's web site, viewed on 14 May 2010).
=538  \\$aMode of access: World Wide Web.
=538  \\$aSystem requirements: Adobe Acrobat Reader.
=610  10$aGreat Britain.$bDepartment of Energy and Climate Change$vPeriodicals.
=650  \0$aAdministrative agencies$zGreat Britain$vDirectories.
=650  \0$aExecutive advisory bodies$zGreat Britain$vDirectories.
=650  \0$aPublic institutions$zGreat Britain$vDirectories.
=780  07$tPublic bodies (Online)$x2047-265X
=856  4\$ahttp://bis.ecgroup.net/Publications/EnergyClimateChangeDECC/AboutDECC.aspx$zFollow links to resource
=985  \\$aRecord amended for WR# 13/070
=CAT  \\$a7332$b40$c20100514$lBLL01$h1113
=CAT  \\$a11316$b40$c20110621$lBLL01$h1404
=CAT  \\$a11316$b40$c20110624$lBLL01$h0832
=CAT  \\$aWR13_070$b00$c20130504$lBLL01$h0325
=CAT  \\$a6550$b40$c20151207$lBLL01$h1049
=CAT  \\$aW1711-1225$c20171203$lBLL01$h1038
=FIN  \\$aY$d20100514
=FMT  \\$a  SE
=LAS  \\$aW1711-1225$b00$c20171203$lBLL01$h1038
=LET  \0$aDECC public bodies directory (Online)
=LKR  \\$aPAR$b015829790$lBLL01$nPublic bodies (Online)$mDECC public bodies directory ...$r78007
=STA  \\$aSUPPRESSED$bunable to determine reason for suppression
=TCO  \\$aCLA$bCLA$c008

