=LDR  01438 am a2200385 a 4500
=001  015555038
=003  Uk
=005  20110603001541.0
=006  m||||||||d||||||||
=007  cr||||||||||||
=008  110526s2011\\\\enk\\\\\o\\\\o000\0\eng|\
=015  \\$aGBB167057$2bnb
=040  \\$aStDuBDS$beng$cStDuBDS
=042  \\$aukblsr
=082  04$a362.50942$222
=245  00$aHomelessness$h[electronic resource] :$bresponding to the new agenda.$pHousing summary.
=260  \\$aLondon :$bAudit Commission,$c[2011?]
=300  \\$a1 online resource (2 p.)
=336  \\$atext$2rdacontent
=337  \\$acomputer$2rdamedia
=338  \\$aonline resource$2rdacarrier
=500  \\$aTitle from PDF title page (viewed on May 26, 2011).
=650  \0$aHomelessness$xGovernment policy$zEngland.
=710  2\$aAudit Commission for Local Authorities and the National Health Service in England.
=856  \\$ahttp://www.audit-commission.gov.uk/SiteCollectionDocuments/AuditCommissionReports/NationalStudies/Summary_web.pdf
=985  \\$aNETCAT record
=CAT  \\$a10983$b40$c20100517$lBLL01$h1216
=CAT  \\$a10983$b40$c20100517$lBLL01$h1218
=CAT  \\$aBATCH-SURR$b00$c20110603$lBLL01$h0014
=CAT  \\$aW1711-1225$c20171203$lBLL01$h1038
=FIN  \\$aY$d20110603
=FMT  \\$a  BK
=LAS  \\$aW1711-1225$b00$c20171203$lBLL01$h1038
=SRC  \\$aNETCAT$bbdsemedia.20110603
=STA  \\$aSUPPRESSED$bunable to determine reason for suppression

