=LDR  01897 am a2200493 a 4500
=001  015563508
=003  Uk
=005  20101214125515.0
=006  m\\\\|\\\d\|\\\\\\
=007  cr||||||||||||
=008  100526s2010\\\\stk||||\s\\\\o000\0\eng\\
=015  \\$aGBB0E7787$2bnb
=020  \\$z9780755993567
=040  \\$aUk$beng$cUk
=042  \\$aukblsr
=082  04$a362.110941467$222
=245  00$a"Better Together", Scotland's patient experience programme$h[electronic resource] :$bCrosshouse Hospital : results of the 2009 patient experience pilot survey.
=260  \\$aEdinburgh :$bScottish Government,$cc2010.
=300  \\$a16 p. :$bdigital, PDF file.
=336  \\$atext$2rdacontent
=337  \\$acomputer$2rdamedia
=338  \\$aonline resource$2rdacarrier
=500  \\$aTitle from p. 1 of PDF file (viewed on 14 Dec. 2010).
=500  \\$a"Health and community care: patient experience."
=500  \\$aReport no.: 7/2010.
=538  \\$aMode of access: World Wide Web.
=538  \\$aSystem requirements: Adobe Acrobat Reader.
=610  20$aCrosshouse Hospital$xEvaluation.
=650  \0$aMedical care$zScotland$zKilmarnock$xEvaluation.
=650  \0$aPatient satisfaction$zScotland$zKilmarnock.
=710  2\$aBetter Together (Programme)
=710  1\$aScotland.$bScottish Government.
=710  1\$aScotland.$bSocial Research.
=710  1\$aGreat Britain.$bTreasury.$bGovernment Social Research Unit.
=856  40$ahttp://www.scotland.gov.uk/Resource/Doc/312634/0098856.pdf
=CAT  \\$a10902$b40$c20100526$lBLL01$h0843
=CAT  \\$a12181$b40$c20101214$lBLL01$h1230
=CAT  \\$a12181$b40$c20101214$lBLL01$h1232
=CAT  \\$a12181$b40$c20101214$lBLL01$h1255
=CAT  \\$aW1711-1225$c20171203$lBLL01$h1038
=FIN  \\$aY$d20101214
=FMT  \\$a  BK
=LAS  \\$aW1711-1225$b00$c20171203$lBLL01$h1038
=STA  \\$aSUPPRESSED$bunable to determine reason for suppression

