=LDR  01637 am a2200445 a 4500
=001  015573618
=003  Uk
=005  20111114105239.0
=006  m\\\\|\\\d\|\\\\\\
=007  cr\|||||||||||
=008  100609s2010\\\\stka\\\\ob\\\o00|\0\eng\\
=015  \\$aGBB1D0591$2bnb
=020  \\$z9780755993833
=040  \\$aUk$beng$cUk
=042  \\$aukblsr
=082  04$a364.10609411$223
=110  1\$aScotland.$bSerious Organised Crime Taskforce.
=245  10$aLetting our communities flourish.$pOne year on$h[electronic resource] :$ba strategy for tackling serious organised crime in Scotland.
=246  30$aOne year on
=260  \\$aEdinburgh :$bScottish Government,$c2010.
=300  \\$a1 online resource (16 p.) :$bill.
=336  \\$atext$2rdacontent
=337  \\$acomputer$2rdamedia
=338  \\$aonline resource$2rdacarrier
=500  \\$aTitle from PDF title page (viewed on Nov. 14 2011).
=504  \\$aIncludes bibliographical references.
=650  \0$aOrganized crime$zScotland$xPrevention.
=650  \0$aOrganized crime$xGovernment policy$zScotland.
=710  1\$aScotland.$bScottish Government.
=856  40$ahttp://www.scotland.gov.uk/Resource/Doc/313639/0099447.pdf
=CAT  \\$a10902$b40$c20100609$lBLL01$h0833
=CAT  \\$a10902$b40$c20100609$lBLL01$h0853
=CAT  \\$a11249$b40$c20100722$lBLL01$h1207
=CAT  \\$a12167$b40$c20111114$lBLL01$h0955
=CAT  \\$a12167$b40$c20111114$lBLL01$h1052
=CAT  \\$aW1711-1225$c20171203$lBLL01$h1038
=FIN  \\$aY$d20111114
=FMT  \\$a  BK
=LAS  \\$aW1711-1225$b00$c20171203$lBLL01$h1038
=STA  \\$aSUPPRESSED$bunable to determine reason for suppression

