=LDR  01581 am a2200433 a 4500
=001  015574326
=003  Uk
=005  20110225170251.0
=006  m\\\\|\\\d\|\\\\\\
=007  cr||||||||||||
=008  100609s2010\\\\enk||||\s\\\\o000\0\eng\\
=015  \\$aGBB126556$2bnb
=040  \\$aUk$beng$cUk
=042  \\$aukblsr
=082  04$a324.941086$222
=245  00$aCoalition agreement for stability and reform$h[electronic resource].
=260  \\$a[London :$bCabinet Office],$c2010.
=300  \\$a5 p. :$bdigital, PDF file.
=336  \\$atext$2rdacontent
=337  \\$acomputer$2rdamedia
=338  \\$aonline resource$2rdacarrier
=500  \\$aTitle from PDF title page (viewed on Feb. 25, 2011).
=538  \\$aMode of access: World Wide Web.
=538  \\$aSystem requirements: Adobe Acrobat Reader.
=610  20$aTory Party (Great Britain)
=610  20$aLiberal Democrats (Great Britain)
=650  \0$aCoalition governments$zGreat Britain.
=651  \0$aGreat Britain$xPolitics and government$y21st century.
=710  1\$aGreat Britain.$bCabinet Office.
=856  40$ahttp://www.cabinetoffice.gov.uk/sites/default/files/resources/coalition-agreement-may-2010_0.pdf
=CAT  \\$a10902$b40$c20100609$lBLL01$h1630
=CAT  \\$a10902$b40$c20100609$lBLL01$h1631
=CAT  \\$a12181$b40$c20110225$lBLL01$h1700
=CAT  \\$a12181$b40$c20110225$lBLL01$h1702
=CAT  \\$aW1711-1225$c20171203$lBLL01$h1038
=FIN  \\$aY$d20110225
=FMT  \\$a  BK
=LAS  \\$aW1711-1225$b00$c20171203$lBLL01$h1038
=STA  \\$aSUPPRESSED$bunable to determine reason for suppression

