=LDR  02290 am a2200457 a 4500
=001  015574869
=003  Uk
=005  20111024120632.0
=006  m\\\\|\\\d\|\\\\\\
=007  cr\|||||||||||
=008  100610s2001\\\\enka\\\\ob\\\o00|\0\eng\\
=015  \\$aGBB1C2992$2bnb
=040  \\$aUk$beng$cUk
=042  \\$aukblsr
=082  04$a355.033041$223
=245  00$aInfrastructure management on joint operations$h[electronic resource] :$bJoint warfare publication 4-05 & Joint warfare publications 4-05.1 to 4-05.7.
=246  13$aJWP 4-05
=260  \\$a[Swindon] :$bMinistry of Defence,$c2001.
=300  \\$a1 online resource (various pagings) :$bill.
=336  \\$atext$2rdacontent
=337  \\$acomputer$2rdamedia
=338  \\$aonline resource$2rdacarrier
=490  0\$aJoint warfare publication ;$v4-05
=500  \\$aTitle from PDF title page (viewed on Oct. 24, 2011).
=500  \\$a"It is intended that the publication of JWP 4-05 - Infrastructure Management on Joint Operations will be followed by the publication of a further 7 associated JWPs designed to add detail to the subject matter ... These are listed below: JWP 4-05.1 - Command And Control ; JWP 4-05.2 - Infrastructure Planning ; JWP 4-05.3 - Design and Execution of Works ; JWP 4-05.4 - Property Management ; JWP 4-05.5 - Works Service Contracts ; JWP 4-05.6 - Finance and Accounting ; JWP 4-05.7 - Lands Procedures"--T. p. verso.
=504  \\$aIncludes bibliographical references.
=650  \0$aUnified operations (Military science)
=650  \0$aCombined operations (Military science)
=650  \0$aMilitary doctrine$zGreat Britain.
=650  \0$aArmed Forces$xGovernment policy$zGreat Britain.
=710  1\$aGreat Britain.$bMinistry of Defence.$bJoint Doctrine and Concepts Centre.
=856  40$ahttp://www.mod.uk/NR/rdonlyres/8EF95DB2-144A-448F-9541-5935E231EA4E/0/20071218_jwp4_05_U_DCDCIMAPPS.pdf
=CAT  \\$a10902$b40$c20100610$lBLL01$h1550
=CAT  \\$a10902$b40$c20100610$lBLL01$h1552
=CAT  \\$a11249$b40$c20100722$lBLL01$h1208
=CAT  \\$a12167$b40$c20111024$lBLL01$h1206
=CAT  \\$aW1711-1225$c20171203$lBLL01$h1038
=FIN  \\$aY$d20111024
=FMT  \\$a  BK
=LAS  \\$aW1711-1225$b00$c20171203$lBLL01$h1038
=STA  \\$aSUPPRESSED$bunable to determine reason for suppression

