=LDR  01951 am a2200445 a 4500
=001  015588396
=003  Uk
=005  20111012112349.0
=006  m\\\\|\\\d\|\\\\\\
=007  cr\|||||||||||
=008  100629s2010\\\\enka\\\\\\\\\o000\0\eng\\
=015  \\$aGBB1B9627$2bnb
=040  \\$aUk$beng$cUk
=042  \\$aukblsr
=082  04$a363.7387470941$222
=245  04$aThe CRC energy efficiency scheme$h[electronic resource] :$buser guide, 6 April 2010 update.
=260  \\$a[London :$bDept. of Energy & Climate Change],$c2010.
=300  \\$a1 online resource (99 p.) :$bcol. ill.
=336  \\$atext$2rdacontent
=337  \\$acomputer$2rdamedia
=338  \\$aonline resource$2rdacarrier
=500  \\$a"This document provides a step by step guide to the CRC Energy Efficiency Scheme (CRC) - the UK's new carbon emissions trading scheme that will start operating in April 2010. It explains what the scheme is, to whom it applies and how it will work."
=500  \\$aTitle from PDF cover (viewed on Oct. 12, 2011).
=610  20$aCRC Energy Efficiency Scheme.
=650  \0$aEnergy consumption$xGovernment policy$zGreat Britain.
=650  \0$aCarbon dioxide mitigation$xGovernment policy$zGreat Britain.
=650  \0$aEnergy policy$zGreat Britain.
=710  1\$aGreat Britain.$bEnvironment Agency.
=710  2\$aNorthern Ireland Environment Agency.
=710  2\$aScottish Environment Protection Agency.
=856  40$ahttp://www.decc.gov.uk/assets/decc/what%20we%20do/a%20low%20carbon%20uk/crc/1_20100406154137_e_@@_21934crcpdfawv9.pdf
=CAT  \\$a10902$b40$c20100629$lBLL01$h1548
=CAT  \\$a10902$b40$c20100629$lBLL01$h1549
=CAT  \\$a12181$b40$c20111011$lBLL01$h1849
=CAT  \\$a12181$b40$c20111012$lBLL01$h1123
=CAT  \\$aW1711-1225$c20171203$lBLL01$h1038
=FIN  \\$aY$d20111012
=FMT  \\$a  BK
=LAS  \\$aW1711-1225$b00$c20171203$lBLL01$h1038
=STA  \\$aSUPPRESSED$bunable to determine reason for suppression

