=LDR  01714 am a2200433 a 4500
=001  015588402
=003  Uk
=005  20110617001603.0
=006  m||||||||d||||||||
=007  cr||||||||||||
=008  110609s2009\\\\enk\\\\\o\\\\o000\0\eng|\
=015  \\$aGBB173718$2bnb
=040  \\$aStDuBDS$beng$cStDuBDS
=042  \\$aukblsr
=082  04$a346.424015$222
=245  00$aOfsted's inspection of Cafcass.$pStaffordshire and the Marches service area$h[electronic resource].
=260  \\$aManchester :$bOFSTED,$c2009.
=300  \\$a1 online resource (18 p.)
=336  \\$atext$2rdacontent
=337  \\$acomputer$2rdamedia
=338  \\$aonline resource$2rdacarrier
=500  \\$aTitle from PDF title page (viewed on June 9, 2011).
=500  \\$a"Reference no: C4 001."
=610  10$aGreat Britain.$bChildren and Family Court Advisory and Support Service$xEvaluation.
=650  \0$aDomestic relations courts$zEngland$zMidlands.
=710  1\$aGreat Britain.$bOffice for Standards in Education, Children's Services and Skills (England).
=856  \\$ahttp://www.ofsted.gov.uk/content/download/10277/117838/file/Cafcass%20Staffordshire%20and%20the%20Marches%20service%20area.pdf
=985  \\$aNETCAT record
=CAT  \\$a10983$b40$c20100629$lBLL01$h1553
=CAT  \\$a10983$b40$c20100629$lBLL01$h1606
=CAT  \\$a11249$b40$c20100722$lBLL01$h1209
=CAT  \\$aBATCH-SURR$b00$c20110617$lBLL01$h0015
=CAT  \\$aBATCH-UPD$b00$c20150509$lBLL01$h1759
=CAT  \\$aW1711-1225$c20171203$lBLL01$h1038
=FIN  \\$aY$d20110617
=FMT  \\$a  BK
=LAS  \\$aW1711-1225$b00$c20171203$lBLL01$h1038
=SRC  \\$aNETCAT$bbdsemedia.20110617
=STA  \\$aSUPPRESSED$bunable to determine reason for suppression

