=LDR  01614 am a2200433 a 4500
=001  015588428
=003  Uk
=005  20101119122325.0
=006  m\\\\|\\\d\|\\\\\\
=007  cr||||||||||||
=008  100629s2010\\\\enk||||\s\\\\o000\0\eng\\
=015  \\$aGBB0D8328$2bnb
=040  \\$aUk$beng$cUk
=042  \\$aukblsr
=082  04$a333.790941$222
=245  00$aUpdated energy and emissions projections$h[electronic resource].
=260  \\$aLondon :$bDepartment of Energy & Climate Change,$c2010.
=300  \\$a38 p. :$bdigital, PDF file.
=336  \\$atext$2rdacontent
=337  \\$acomputer$2rdamedia
=338  \\$aonline resource$2rdacarrier
=500  \\$aTitle from PDF title page (viewed on 19 Nov. 2010).
=500  \\$aPublisher's no.: URN 10D/510.
=538  \\$aMode of access: World Wide Web.
=538  \\$aSystem requirements: Adobe Acrobat Reader.
=650  \0$aEnergy policy$zGreat Britain.
=650  \0$aGreenhouse gases$zGreat Britain.
=710  1\$aGreat Britain.$bDepartment of Energy and Climate Change.
=856  40$ahttp://decc.gov.uk/assets/decc/statistics/projections/1_20100609145933_e_@@_june2010energyemissionsprojections.pdf
=985  \\$aRecord amended for WR# 13/070
=CAT  \\$a10902$b40$c20100629$lBLL01$h1613
=CAT  \\$a10902$b40$c20100629$lBLL01$h1614
=CAT  \\$a12181$b40$c20101119$lBLL01$h1223
=CAT  \\$aWR13_070$b00$c20130504$lBLL01$h0326
=CAT  \\$aW1711-1225$c20171203$lBLL01$h1038
=FIN  \\$aY$d20101119
=FMT  \\$a  BK
=LAS  \\$aW1711-1225$b00$c20171203$lBLL01$h1038
=STA  \\$aSUPPRESSED$bunable to determine reason for suppression

