=LDR  01749 am a2200481 a 4500
=001  015607877
=003  Uk
=005  20110603001526.0
=006  m||||||||d||||||||
=007  cr||||||||||||
=008  110523s2010\\\\enk\\\\\ob\\\\000\0\eng|\
=015  \\$aGBB166813$2bnb
=020  \\$z9781906732431
=040  \\$aStDuBDS$beng$cStDuBDS
=042  \\$aukblsr
=082  04$a364.34$222
=245  00$aEthnic profiling$h[electronic resource] :$bthe use of 'race' in UK law enforcement /$cedited by Kjartan Páll Sveinsson.
=260  \\$aLondon :$bRunnymede,$cc2010.
=300  \\$a1 online resource (60 p.).
=336  \\$atext$2rdacontent
=337  \\$acomputer$2rdamedia
=338  \\$aonline resource$2rdacarrier
=490  0\$aRunnymede perspectives
=500  \\$aTitle from PDF title page (viewed on May 23, 2011).
=504  \\$aIncludes bibliographical references.
=530  \\$aAlso issued in print format.
=650  \0$aCriminal behavior, Prediction of$zGreat Britain.
=650  \0$aDiscrimination in law enforcement$zGreat Britain.
=700  1\$aSveinsson, Kjartan Páll.
=710  2\$aRunnymede Trust.
=856  40$ahttp://www.runnymedetrust.org/uploads/publications/pdfs/EthnicProfiling-2010.pdf
=985  \\$aNETCAT record
=CAT  \\$a10983$b40$c20100721$lBLL01$h1404
=CAT  \\$a10983$b40$c20100721$lBLL01$h1406
=CAT  \\$a7164$b40$c20110307$lBLL01$h1522
=CAT  \\$aBATCH-SURR$b00$c20110603$lBLL01$h0014
=CAT  \\$aBATCH-UPD$b00$c20110603$lBLL01$h0020
=CAT  \\$aW1711-1225$c20171203$lBLL01$h1039
=FIN  \\$aY$d20110603
=FMT  \\$a  BK
=LAS  \\$aW1711-1225$b00$c20171203$lBLL01$h1039
=SRC  \\$aNETCAT$bbdsemedia.20110603
=STA  \\$aSUPPRESSED$bunable to determine reason for suppression

