=LDR  01564 am a2200409 a 4500
=001  015609634
=003  Uk
=005  20120913095720.0
=006  m\\\\|\\\d\|\\\\\\
=007  cr\|||||||||||
=008  100726s2010\\\\enka\\\\ob\\\o000\0\eng\\
=015  \\$aGBB290281$2bnb
=040  \\$aUk$beng$cUk
=042  \\$aukblsr
=082  04$a352.37$223
=245  04$aThe Government Chief Scientific Adviser's guidelines on the use of scientific and engineering advice in policy making$h[electronic resource].
=260  \\$aLondon :$bDepartment for Business, Innovation and Skills,$c2010.
=300  \\$a1 online resource (20 p.) :$bcol. ill.
=336  \\$atext$2rdacontent
=337  \\$acomputer$2rdamedia
=338  \\$aonline resource$2rdacarrier
=500  \\$aURN 10/669.
=504  \\$aIncludes bibliographical references.
=650  \0$aPolitical planning$zGreat Britain.
=650  \0$aScience and state$zGreat Britain.
=710  1\$aGreat Britain.$bGovernment Office for Science.
=856  40$ahttp://www.bis.gov.uk/assets/goscience/docs/g/10-669-gcsa-guidelines-scientific-engineering-advice-policy-making.pdf
=CAT  \\$a10902$b40$c20100726$lBLL01$h1121
=CAT  \\$a10902$b40$c20100726$lBLL01$h1127
=CAT  \\$a12167$b40$c20120910$lBLL01$h1117
=CAT  \\$a12167$b40$c20120911$lBLL01$h0946
=CAT  \\$a8964$b40$c20120913$lBLL01$h0957
=CAT  \\$aW1711-1225$c20171203$lBLL01$h1039
=FIN  \\$aY$d20120910
=FMT  \\$a  BK
=LAS  \\$aW1711-1225$b00$c20171203$lBLL01$h1039
=STA  \\$aSUPPRESSED$bunable to determine reason for suppression

