=LDR  02745 as a2200637 a 4500
=001  015622798
=003  Uk
=005  20131023091559.0
=006  m\\\\\\\\d\|\\\\\\
=007  cr||||||||||||
=008  100810d200520uuenkar\\\o\s\\o0\\\a0eng\\
=015  \\$aGBB094727$2bnb
=040  \\$aUk$beng$cUk$dUk
=042  \\$aukblsr
=082  04$a338.941005$222
=245  00$aLisbon strategy for jobs and growth$h[electronic resource] :$bUK national reform programme ...
=246  1\$iSome issues entitled :$aLisbon strategy for jobs and growth :$bUK national reform programme : update on progress
=260  \\$aNorwich :$bStationery Office,$c2005-
=260  3\$aLondon :$bHM Treasury
=310  \\$aAnnual
=336  \\$atext$2rdacontent
=337  \\$acomputer$2rdamedia
=338  \\$aonline resource$2rdacarrier
=362  0\$aOct. 2005-
=500  \\$aTitle from PDF t.p. (HM Treasury's "Lisbon strategy for jobs and growth: UK national reform programme" archived Web page, viewed Aug, 10, 2010).
=500  \\$aLatest issue consulted: 2009, published Oct. 2009.
=515  \\$aMonth of publication varies.
=525  \\$aFrom 2008 accompanied by Excel spreadsheets.
=538  \\$aMode of access: World Wide Web.
=538  \\$aSystem requirements: Adobe Acrobat Reader; Microsoft Excel.
=650  \0$aEconomic policy$zGreat Britain$vPeriodicals.
=650  \0$aManpower policy$zGreat Britain$vPeriodicals.
=650  \0$aSustainable development$zGreat Britain$xGovernment policy$vPeriodicals.
=650  \0$aEconomic development$zGreat Britain$vPeriodicals.
=650  \0$aSustainable development$zGreat Britain$vPeriodicals.
=650  \0$aEmployment$zGreat Britain$vPeriodicals.
=710  1\$aGreat Britain.$bTreasury.
=710  1\$aGreat Britain.$bOffice of Public Sector Information.
=856  40$ahttp://webarchive.nationalarchives.gov.uk/+/http://www.hm-treasury.gov.uk/int_lisbonstrategy_jobs.htm
=856  4\$ahttp://www.hm-treasury.gov.uk$zTo search
=CAT  \\$a3072$b40$c20100810$lBLL01$h1156
=CAT  \\$a3072$b40$c20100810$lBLL01$h1157
=CAT  \\$a3072$b40$c20100810$lBLL01$h1158
=CAT  \\$a3072$b40$c20100810$lBLL01$h1159
=CAT  \\$a3072$b40$c20100810$lBLL01$h1233
=CAT  \\$a3072$b40$c20100810$lBLL01$h1327
=CAT  \\$a3072$b40$c20100810$lBLL01$h1358
=CAT  \\$a8201$b40$c20131023$lBLL01$h0915
=CAT  \\$aBATCH-UPD$b40$c20140910$lBLL01$h1912
=CAT  \\$aW1711-1225$c20171203$lBLL01$h1039
=FIN  \\$aY$d20100810
=FMT  \\$a  SE
=LAS  \\$aW1711-1225$b00$c20171203$lBLL01$h1039
=LET  \0$aLisbon strategy for jobs and growth : UK national reform programme (Electronic)
=STA  \\$aSUPPRESSED$bunable to determine reason for suppression
=TCO  \\$aCLA$bCLA$c008

