=LDR  01754 am a2200481 a 4500
=001  015628763
=003  Uk
=005  20120207110606.0
=006  m\\\\|\\\d\|\\\\\\
=007  cr\|||||||||||
=008  100817s2010\\\\stka\\\\o\\\\o000\0\eng\\
=015  \\$aGBB211366$2bnb
=020  \\$z9780755995080
=040  \\$aUk$beng$cUk
=042  \\$aukblsr
=082  04$a338.18411$223
=100  1\$aBryan, Ruth.
=245  10$aPhase 2 of the inquiry into future support for agriculture in Scotland.$pAnalysis of consultation reponses$h[electronic resource] /$cRuth Bryan and Sue Granville.
=246  30$aAnalysis of consultation reponses
=260  \\$aEdinburgh :$bScottish Government, Social Research,$c2010.
=300  \\$a1 online resource (75 p.) :$bill.
=336  \\$atext$2rdacontent
=337  \\$acomputer$2rdamedia
=338  \\$aonline resource$2rdacarrier
=490  0\$aAgriculture, fisheries and rural affairs
=500  \\$aTitle from PDF title page (viewed on Feb. 6, 2012).
=500  \\$a"ISSN 0950 2254."
=650  \0$aAgriculture and state$zScotland.
=650  \0$aAgriculture$zScotland.
=700  1\$aGranville, Sue.
=710  1\$aScotland.$bScottish Government.
=710  1\$aScotland.$bSocial Research.
=856  40$ahttp://www.scotland.gov.uk/Resource/Doc/319913/0102346.pdf
=CAT  \\$a10902$b40$c20100817$lBLL01$h1337
=CAT  \\$a10902$b40$c20100817$lBLL01$h1338
=CAT  \\$a11279$b40$c20110613$lBLL01$h1449
=CAT  \\$a12167$b40$c20120206$lBLL01$h1624
=CAT  \\$a12167$b40$c20120207$lBLL01$h1106
=CAT  \\$aW1711-1225$c20171203$lBLL01$h1039
=FIN  \\$aY$d20120206
=FMT  \\$a  BK
=LAS  \\$aW1711-1225$b00$c20171203$lBLL01$h1039
=STA  \\$aSUPPRESSED$bunable to determine reason for suppression

