=LDR  01647 am a2200421 a 4500
=001  015642379
=003  Uk
=005  20101005145259.0
=006  m\\\\|\\\d\|\\\\\\
=007  cr||||||||||||
=008  100906s2009\\\\enk||||\s\\\\\000\0\eng\\
=015  \\$aGBB0B8773$2bnb
=040  \\$aUk$beng$cUk
=042  \\$aukblsr
=245  00$aFrom e-Government to e-Governance$h[electronic resource] :$busing new technologies to strengthen relationships with citizens.
=260  \\$a[London] :$bAccenture,$c2009.
=300  \\$a98 p. :$bdigital, PDF file.
=336  \\$atext$2rdacontent
=337  \\$acomputer$2rdamedia
=338  \\$aonline resource$2rdacarrier
=500  \\$aTitle from PDF title page (viewed on 5 Oct., 2010).
=538  \\$aMode of access: World Wide Web.
=538  \\$aSystem requirements: Adobe Acrobat Reader.
=650  \0$aInternet in public administration.
=650  \0$aInternet in public administration$vCase studies.
=650  \0$aPublic administration$xCitizen participation.
=650  \0$aGovernment productivity.
=650  \0$aGovernment accountability.
=690  7\$aManagement and Business Studies$2blcoll
=710  2\$aAccenture (Firm)
=856  40$ahttp://www.accenture.com/NR/rdonlyres/6DB947C9-DE11-4957-8D04-A9479F667E39/0/Accenture_Institute_Health_Public_Service_From_eGovernment_to_eGovernance.pdf
=CAT  \\$a10983$b40$c20100906$lBLL01$h1014
=CAT  \\$a8141$b40$c20101005$lBLL01$h1452
=CAT  \\$aW1711-1225$c20171203$lBLL01$h1039
=FIN  \\$aY$d20101005
=FMT  \\$a  BK
=LAS  \\$aW1711-1225$b00$c20171203$lBLL01$h1039
=STA  \\$aSUPPRESSED$bunable to determine reason for suppression

