=LDR  01726 am a2200445 a 4500
=001  015667030
=003  Uk
=005  20110603001524.0
=006  m||||||||d||||||||
=007  cr||||||||||||
=008  110524s2009\\\\enkab\\\ob\\\\000\0\eng|\
=015  \\$aGBB166774$2bnb
=040  \\$aStDuBDS$beng$cStDuBDS
=042  \\$aukblsr
=082  04$a333.76094249$222
=245  00$aExamination of positive uses of the West Midlands green belts$h[electronic resource] :$bfinal report.
=260  \\$aKing's Lynn :$bDavid Tyldesley and Associates,$c2009.
=300  \\$a1 online resource (102 p.) :$bcol. ill., col. maps.
=336  \\$atext$2rdacontent
=337  \\$acomputer$2rdamedia
=338  \\$aonline resource$2rdacarrier
=500  \\$aTitle from PDF title page (viewed on May 24, 2011).
=500  \\$aPublished on behalf of the West Midlands Regional Assembly.
=500  \\$a"Doc. ref. 1698 final report."
=504  \\$aIncludes bibliographical references.
=650  \0$aGreenbelts$zEngland$zWest Midlands.
=650  \0$aLand use$zEngland$zWest Midlands.
=710  2\$aDavid Tyldesley and Associates.
=710  2\$aWest Midlands Regional Assembly.
=856  \\$ahttp://www.wmra.gov.uk/documents/Examination%20of%20Positive%20Uses%20of%20the%20West%20Midlands%20Green%20Belt%20DTA.pdf
=985  \\$aNETCAT record
=CAT  \\$a10983$b40$c20101011$lBLL01$h0844
=CAT  \\$a10983$b40$c20101011$lBLL01$h0847
=CAT  \\$aBATCH-SURR$b00$c20110603$lBLL01$h0014
=CAT  \\$aW1711-1225$c20171203$lBLL01$h1040
=FIN  \\$aY$d20110603
=FMT  \\$a  BK
=LAS  \\$aW1711-1225$b00$c20171203$lBLL01$h1040
=SRC  \\$aNETCAT$bbdsemedia.20110603
=STA  \\$aSUPPRESSED$bunable to determine reason for suppression

