=LDR  01089 am a22002773a 4500
=001  015680397
=003  Uk
=005  20200417184313.0
=008  101027s\\\\\\\\\\\\\\\\\\\\\\\0\\\\eng\\
=245  \0$aRevised draft national policy statement for nuclear power generation (EN-6) :$bvolume 2 of 2 - annexes.
=260  \\$aLondon :$bDepartment of Energy & Climate Change,$c2010.
=336  \\$atext$2rdacontent
=337  \\$aunmediated$2rdamedia
=338  \\$avolume$2rdacarrier
=500  \\$aURN 10D/842
=500  \\$aSee 15680390
=856  \\$ahttps://www.energynpsconsultation.decc.gov.uk/docs/AnnexestoEN-6-RevisedDraftNuclearNPS(VolumeII)-October2010.pdf
=985  \\$aUpgraded by BSS-generated file for WR1910-0531
=CAT  \\$a10983$b40$c20101027$lBLL01$h1338
=CAT  \\$a10983$b40$c20101027$lBLL01$h1339
=CAT  \\$a10983$b40$c20101027$lBLL01$h1340
=CAT  \\$aW1711-1225$c20171203$lBLL01$h1040
=CAT  \\$aW1910-0531$b00$c20200417$lBLL01$h1843
=FMT  \\$a  BK
=LAS  \\$aW1910-0531$b00$c20200417$lBLL01$h1843
=STA  \\$aSUPPRESSED$bunable to determine reason for suppression

