=LDR  01925 am a2200493 a 4500
=001  015686821
=003  Uk
=005  20121101120203.0
=006  m\\\\||\\d\|\\\\\\
=007  cr\|||||||||||
=008  101103s2008\\\\enka\\\\ob\\\|000\0\eng\\
=015  \\$aGBB2B0696$2bnb
=040  \\$aUk$beng$cUk
=042  \\$aukblsr
=082  04$a353.53310941$223
=245  00$aResearch to explore the feasibility of collecting in-year estimates of income from tax credits claimants$h[electronic resource] :$ba report for HM Revenue & Customs /$cpresented by GfK NOP.
=260  \\$a[London] :$bHM Revenue & Customs,$cc2008.
=300  \\$a1 online resource (67 p.) :$bcol. ill.
=336  \\$atext$2rdacontent
=337  \\$acomputer$2rdamedia
=338  \\$aonline resource$2rdacarrier
=490  0\$aHM Revenue and Customs Research Report ;$v48
=500  \\$aNo. on item: JN/244766.
=504  \\$aIncludes bibliographical references.
=588  \\$aDescription based on online resource; title from PDF cover page (viewed on Nov. 1, 2012).
=650  \0$aTax credits$zGreat Britain.
=650  \0$aChild tax credits$zGreat Britain.
=650  \0$aFamily allowances$zGreat Britain.
=650  \0$aIncome$zGreat Britain.
=650  \0$aSocial security beneficiaries$zGreat Britain$xFinance, Personal.
=690  7\$aSocial Welfare$2blcoll
=710  1\$aGreat Britain.$bHM Revenue & Customs.
=710  2\$aGfK NOP.
=856  40$ahttp://www.hmrc.gov.uk/research/report-48-final.pdf
=CAT  \\$a10983$b40$c20101103$lBLL01$h1054
=CAT  \\$a10983$b40$c20101103$lBLL01$h1055
=CAT  \\$a8141$b40$c20121101$lBLL01$h1142
=CAT  \\$a8141$b40$c20121101$lBLL01$h1146
=CAT  \\$a8141$b40$c20121101$lBLL01$h1202
=CAT  \\$aW1711-1225$c20171203$lBLL01$h1040
=FIN  \\$aY$d20121101
=FMT  \\$a  BK
=LAS  \\$aW1711-1225$b00$c20171203$lBLL01$h1040
=STA  \\$aSUPPRESSED$bunable to determine reason for suppression

