=LDR  01717 am a2200445 a 4500
=001  015704458
=003  Uk
=005  20110713074413.0
=006  m||||||||d||||||||
=007  cr||||||||||||
=008  110523s2011\\\\enka\\\\o\\\\\000\0\eng|\
=015  \\$aGBB166834$2bnb
=020  \\$z9780956765604
=040  \\$aStDuBDS$beng$cStDuBDS
=042  \\$aukblsr
=082  04$a428.24071$222
=100  1\$aCorballis, Tony.
=245  10$aEloquent English :$badvanced communication training for global professionals : an easy-to-use weekly workshop guide for trainers.$nBook one,$pClub leadership training manual$h[electronic resource] /$cby Tony Corballis.
=260  \\$aLondon :$bCorballis Communication,$c2011.
=300  \\$a1 online resource (92 p.) :$bill. (chiefly col.)
=336  \\$atext$2rdacontent
=337  \\$acomputer$2rdamedia
=338  \\$aonline resource$2rdacarrier
=500  \\$aTitle from PDF title page (viewed on May 23, 2011).
=650  \0$aEnglish language$xStudy and teaching$xForeign speakers.
=650  \0$aEnglish language$xBusiness English.
=856  \\$ahttp://www.corballis.com/pdf/EloquentEnglish_eBook1.pdf
=985  \\$aNETCAT record
=CAT  \\$a10983$b40$c20101129$lBLL01$h1131
=CAT  \\$a10983$b40$c20101129$lBLL01$h1132
=CAT  \\$a10983$b40$c20101129$lBLL01$h1145
=CAT  \\$a10983$b40$c20101129$lBLL01$h1146
=CAT  \\$aBATCH-SURR$b00$c20110603$lBLL01$h0014
=CAT  \\$a5100$b40$c20110713$lBLL01$h0744
=CAT  \\$aW1711-1225$c20171203$lBLL01$h1041
=FIN  \\$aY$d20110603
=FMT  \\$a  BK
=LAS  \\$aW1711-1225$b00$c20171203$lBLL01$h1041
=SRC  \\$aNETCAT$bbdsemedia.20110603
=STA  \\$aSUPPRESSED$bunable to determine reason for suppression

