=LDR  02184 as a2200529 a 4500
=001  015708037
=003  Uk
=005  20111201135216.0
=006  m\\\\\\\\d\|\\\\\\
=007  cr||||||||||||
=008  101202d20092010enkuu\p\s\\\\\0\\\a0eng\\
=015  \\$aGBB0E3740$2bnb
=040  \\$aUk$beng$cUk$dUk
=042  \\$aukblsr
=082  04$a365.66094205$222
=130  0\$aInterventions and substance misuse news (Online)
=245  10$aInterventions and substance misuse news$h[electronic resource].
=246  13$aISMG newsletter
=260  \\$a[London :$bISMG],$c2009-2010.
=336  \\$atext$2rdacontent
=337  \\$acomputer$2rdamedia
=338  \\$aonline resource$2rdacarrier
=362  0\$aIssue 1 (June 2009)-
=362  1\$aCeased with issue 2 (Jan. 2010).
=500  \\$aTitle from PDF t.p. (viewed Dec. 2, 2010).
=500  \\$aLatest issue consulted: issue 2 (Jan. 2010).
=538  \\$aMode of access: World Wide Web.
=538  \\$aSystem requirements: Adobe Acrobat Reader.
=610  10$aGreat Britain.$bInterventions and Substance Misuse Group$vPeriodicals.
=650  \0$aPrisoners$xServices for$zEngland$vPeriodicals.
=650  \0$aPrisoners$xServices for$zWales$vPeriodicals.
=650  \0$aPrisoners$xSubstance use$zEngland$vPeriodicals.
=650  \0$aPrisoners$xSubstance use$zWales$vPeriodicals.
=710  1\$aGreat Britain.$bInterventions and Substance Misuse Group.
=710  1\$aGreat Britain.$bNational Offender Management Service.
=776  08$iAlso issued in print format:$tInterventions and substance misuse news
=856  4\$zNOMS Web site not active Dec. 2010, unable to find publication at National Archives
=CAT  \\$a8201E$b40$c20101202$lBLL01$h1152
=CAT  \\$a3072$b40$c20111201$lBLL01$h1352
=CAT  \\$aW1711-1225$c20171203$lBLL01$h1041
=FIN  \\$aY$d20101202
=FMT  \\$a  SE
=LAS  \\$aW1711-1225$b00$c20171203$lBLL01$h1041
=LET  \0$aInterventions and substance misuse news (electronic)
=LKR  \\$aPAR$b015704760$lBLL01$r776$mInterventions and substance misuse news$nInterventions and substance misuse news /
=STA  \\$aSUPPRESSED$bunable to determine reason for suppression
=TCO  \\$aCLA$bCLA$c008

