=LDR  01918 am a2200493 a 4500
=001  015741010
=003  Uk
=005  20110621095143.0
=006  m||||||||d||||||||
=007  cr||||||||||||
=008  110518s2011\\\\enka\\\\ob\\\\000\0\eng|\
=015  \\$aGBB164041$2bnb
=040  \\$aStDuBDS$beng$cStDuBDS
=042  \\$aukblsr
=082  04$a519.6$222
=100  1\$aCartis, C.$q(Coralia)
=245  10$aComplexity bounds for second-order optimality in unconstrained optimization$h[electronic resource] /$cC. Cartis, N.I.M. Gould, P.L. Toint.
=260  \\$aDidcot :$bScience and Technology Facilities Council,$c2011.
=300  \\$a1 online resource (22 p.) :$bcol. ill.
=336  \\$atext$2rdacontent
=337  \\$acomputer$2rdamedia
=338  \\$aonline resource$2rdacarrier
=490  1\$aTechnical report ;$vRAL-TR-2011-002
=500  \\$aTitle from PDF title page (viewed on May 18, 2011).
=504  \\$aIncludes bibliographical references.
=650  \0$aMathematical optimization.
=700  1\$aGould, Nicholas I. M.
=700  1\$aToint, Ph. L.$q(Philippe L.).
=710  2\$aScience and Technology Facilities Council (Great Britain)
=830  \0$aTechnical report (Science and Technology Facilities Council (Great Britain)) ;$vRAL-TR-2011-002.
=856  \\$ahttp://epubs.cclrc.ac.uk/bitstream/5929/RAL-TR-2011-002.pdf
=985  \\$aNETCAT record
=CAT  \\$a10983$b40$c20110127$lBLL01$h0907
=CAT  \\$a10983$b40$c20110127$lBLL01$h0910
=CAT  \\$a10983$b40$c20110127$lBLL01$h0916
=CAT  \\$aBATCH-SURR$b00$c20110527$lBLL01$h0001
=CAT  \\$a5100$b40$c20110621$lBLL01$h0951
=CAT  \\$aW1711-1225$c20171203$lBLL01$h1041
=CAT  \\$aBATCH-UPD$b00$c20171203$lBLL01$h1403
=FIN  \\$aY$d20110526
=FMT  \\$a  BK
=LAS  \\$aBATCH-UPD$b00$c20171203$lBLL01$h1403
=SRC  \\$aNETCAT$bbdsemedia.20110526
=STA  \\$aSUPPRESSED$bunable to determine reason for suppression

