=LDR  01752 am a2200457 a 4500
=001  015741213
=003  Uk
=005  20110621104501.0
=006  m||||||||d||||||||
=007  cr||||||||||||
=008  110510s2011\\\\enka\\\\o\\\\o000\0\eng|\
=015  \\$aGBB164133$2bnb
=040  \\$aStDuBDS$beng$cStDuBDS
=042  \\$aukblsr
=082  04$a004.36$222
=100  1\$aCable, D. J.$q(Dave J.)
=245  12$aA review of commodity cluster management tools$h[electronic resource] /$cD.J. Cable, M. Diakun.
=260  \\$aLondon :$bScience and Technology Facilities Council,$c2011.
=300  \\$a1 online resource (18 p.) :$bcol. ill.
=336  \\$atext$2rdacontent
=337  \\$acomputer$2rdamedia
=338  \\$aonline resource$2rdacarrier
=490  1\$aTechnical report ;$vDL-TR-2011-001
=500  \\$aTitle from PDF title page (viewed on May 10, 2011).
=650  \0$aElectronic data processing$xDistributed processing.
=700  1\$aDiakun, M.$q(Matthew).
=710  2\$aScience and Technology Facilities Council (Great Britain)
=830  \0$aTechnical report (Science and Technology Facilities Council (Great Britain)) ;$vDL-TR-2011-001.
=856  \\$ahttp://epubs.cclrc.ac.uk/bitstream/5930/DLTR-2011-001.pdf
=985  \\$aNETCAT record
=CAT  \\$a10983$b40$c20110127$lBLL01$h1219
=CAT  \\$a10983$b40$c20110127$lBLL01$h1221
=CAT  \\$aBATCH-SURR$b00$c20110527$lBLL01$h0001
=CAT  \\$a5100$b40$c20110621$lBLL01$h1045
=CAT  \\$aW1711-1225$c20171203$lBLL01$h1041
=CAT  \\$aBATCH-UPD$b00$c20171203$lBLL01$h1403
=FIN  \\$aY$d20110526
=FMT  \\$a  BK
=LAS  \\$aBATCH-UPD$b00$c20171203$lBLL01$h1403
=SRC  \\$aNETCAT$bbdsemedia.20110526
=STA  \\$aSUPPRESSED$bunable to determine reason for suppression

