=LDR  01931 as a2200457 a 4500
=001  015748104
=003  Uk
=005  20160805101626.0
=006  m\\\\\\\\d\|\\\\\\
=007  cr||||||||||||
=008  110208d200u201uenkar\\\s\\\\\0\\\a0eng\\
=015  \\$aGBB117555$2bnb
=040  \\$aUk$beng$cUk
=042  \\$aukblsr
=082  04$a344.41010269$222
=245  00$aEmployment Tribunal and EAT statistics (GB)$h[electronic resource]:$b1 April ... to 31 March ...
=246  1\$iMinor title change:$aEmployment Tribunal and EAT statistics ... (GB)$f2009-
=260  \\$a[London] :$bEmployment Tribunals Service
=336  \\$atext$2rdacontent
=337  \\$acomputer$2rdamedia
=338  \\$aonline resource$2rdacarrier
=500  \\$aDescription based on: 2006/2007 issue; title from PDF t.p. (publisher's Web site, viewed on Feb. 2, 2011).
=500  \\$aLatest issue consulted: 2009/2010.
=538  \\$aMode of access: World Wide Web.
=538  \\$aSystem requirements: Adobe Acrobat Reader.
=610  10$aGreat Britain.$bEmployment Appeal Tribunal$vPeriodicals.
=610  20$aEmployment Tribunals Service (Great Britain)$vPeriodicals.
=650  \0$aLabor courts$zGreat Britain$vPeriodicals.
=710  1\$aGreat Britain.$bMinistry of Justice.
=856  40$ahttp://www.employmenttribunals.gov.uk/Publications/annualReports.htm
=985  \\$a2009/2010 accompanied by Excel spreadsheets containing data already in the PDF doc., not available on the publisher's website.
=CAT  \\$a7332$b40$c20110208$lBLL01$h1621
=CAT  \\$aBATCH-UPD$b40$c20130418$lBLL01$h1817
=CAT  \\$a7792$b40$c20160805$lBLL01$h1016
=CAT  \\$aW1711-1225$c20171203$lBLL01$h1041
=FIN  \\$aY$d20110208
=FMT  \\$a  SE
=LAS  \\$aW1711-1225$b00$c20171203$lBLL01$h1041
=LET  \0$aEmployment Tribunal and EAT statistics (Electronic)
=STA  \\$aSUPPRESSED$bunable to determine reason for suppression
=TCO  \\$aCLA$bCLA$c008

