=LDR  02091 as a2200517 a 4500
=001  015750527
=003  Uk
=005  20160112094054.0
=006  m\\\\\\\\d\|\\\\\\
=007  cr||||||||||||
=008  110210d20082013ie\fr\p\s\\\\\0\\\a0eng\\
=015  \\$aGBB119601$2bnb
=040  \\$aUk$beng$cUk
=042  \\$aukblsr
=082  04$a333.330941505$222
=130  0\$aIreland (DTZ Sherry FitzGerald : Online)
=245  10$aIreland$h[electronic resource] :$breview ... outlook.
=246  13$aSummer review
=246  13$aMid year review
=260  \\$aDublin :$bDTZ Sherry FitzGerald
=336  \\$atext$2rdacontent
=337  \\$acomputer$2rdamedia
=338  \\$aonline resource$2rdacarrier
=362  0\$aReview 2008/Outlook 2009-
=500  \\$aTitle from title page (publisher's Web site, viewed Feb. 10, 2011).
=538  \\$aMode of access: World Wide Web.
=580  \\$aTo Review 2007/Outlook 2008 also issued in print.
=588  \\$aLatest issue consulted: Mid year review 2010 issue (viewed Feb. 10, 2011).
=650  \0$aReal estate business$zIreland$vPeriodicals.
=650  \0$aMarket surveys$zIreland$vPeriodicals.
=710  2\$aDTZ Sherry FitzGerald (Firm)
=780  10$tIreland (DTZ Sherry FitzGerald)
=856  4\$ahttp://www.sherryfitz.ie/commercial/research.aspx$zFollow links to resources
=985  \\$aConverted to PDF format; on original version users can "turn" pages using computer mouse, and use zoom facilities.
=CAT  \\$a5997$b40$c20110210$lBLL01$h1108
=CAT  \\$a5997$b40$c20110210$lBLL01$h1412
=CAT  \\$a5997$b40$c20110210$lBLL01$h1441
=CAT  \\$a6550$b40$c20160112$lBLL01$h0940
=CAT  \\$aW1711-1225$c20171203$lBLL01$h1041
=FIN  \\$aY$d20110210
=FMT  \\$a  SE
=LAS  \\$aW1711-1225$b00$c20171203$lBLL01$h1041
=LET  \0$aIreland - Review/Outlook, Mid year review, Summer review (Electronic)
=LKR  \\$aPAR$b013588887$lBLL01$nIreland (DTZ Sherry FitzGerald : Print)$mIreland (DTZ Sherry FitzGerald : Online)$r78001
=STA  \\$aSUPPRESSED$bunable to determine reason for suppression
=TCO  \\$aIRL$bICLA$c008

