=LDR  01721 as a2200445 a 4500
=001  015750598
=003  Uk
=005  20151020132051.0
=006  m\\\\\\\\d\|\\\\\\
=007  cr||||||||||||
=008  110210d20092010ie\uu\p\s\\\\\0\\\a0eng\\
=015  \\$aGBB119640$2bnb
=040  \\$aUk$beng$cUk
=042  \\$aukblsr
=082  04$a330.941705$222
=130  0\$aEconomic update (Dublin, Ireland)
=245  10$aEconomic update$h[electronic resource].
=260  \\$a[Dublin] :$bDTZ Sherry FitzGerald,$c2009-2010.
=336  \\$atext$2rdacontent
=337  \\$acomputer$2rdamedia
=338  \\$aonline resource$2rdacarrier
=362  0\$aIssue 1 (Feb. 2009)-issue 4 (Nov. 2009); Spring/Summer 2010-
=500  \\$aTitle from title page (publisher's Web site, viewed Feb. 12, 2010).
=538  \\$aMode of access: World Wide Web.
=588  \\$aLatest issue consulted: Spring/Summer 2010 (May 2010).
=651  \0$aIreland$xEconomic conditions$vPeriodicals.
=651  \0$aIreland$xEconomic conditions$xForecasting$vPeriodicals.
=710  2\$aDTZ Sherry FitzGerald (Firm)
=856  4\$ahttp://www.sherryfitz.ie/commercial/research.aspx$zFollow links to resources
=985  \\$aConverted to PDF format; on original version users can "turn" pages using computer mouse, and use zoom facilities.
=CAT  \\$a5997$b40$c20110210$lBLL01$h1211
=CAT  \\$a5997$b40$c20110210$lBLL01$h1454
=CAT  \\$a6550$b40$c20151020$lBLL01$h1320
=CAT  \\$aW1711-1225$c20171203$lBLL01$h1041
=FIN  \\$aY$d20110210
=FMT  \\$a  SE
=LAS  \\$aW1711-1225$b00$c20171203$lBLL01$h1041
=LET  \0$aEconomic update (Electronic)
=STA  \\$aSUPPRESSED$bunable to determine reason for suppression
=TCO  \\$aIRL$bICLA$c008

