=LDR  01804 am a2200445 a 4500
=001  015750859
=003  Uk
=005  20120127115042.0
=006  m||||||||d||||||||
=007  cr||||||||||||
=008  110406s2007\\\\enk\\\\\o\\\\o000\0\eng|\
=015  \\$aGBB170761$2bnb
=040  \\$aStDuBDS$beng$cStDuBDS
=042  \\$aukblsr
=082  04$a365.6092$222
=100  10$aShaw, Stephen,$d1953-
=245  10$aInvestigation into the circumstances surrounding the death of a man in hospital while in the custody of HMP Blakenhurst in October 2006$h[electronic resource] :$breport /$cby the Prisons and Probation Ombudsman for England and Wales [i.e. Stephen Shaw].
=260  \\$aLondon :$bPrisons and Probation Ombudsman for England and Wales,$c2007.
=300  \\$a1 online resource (30 p.)
=336  \\$atext$2rdacontent
=337  \\$acomputer$2rdamedia
=338  \\$aonline resource$2rdacarrier
=500  \\$aTitle from PDF title page (viewed on June 1, 2011).
=610  20$aHMP Blakenhurst.
=650  \0$aPrisoners$zEngland$zRedditch$xDeath$vCase studies.
=710  2\$aPrisons and Probation Ombudsman for England and Wales.
=856  \\$ahttp://www.ppo.gov.uk/docs/B096.06-Death-of-a-male-prisoner-in-hospital1.pdf
=985  \\$aNETCAT record
=CAT  \\$a10983$b40$c20110211$lBLL01$h0838
=CAT  \\$a10983$b40$c20110211$lBLL01$h0849
=CAT  \\$aBATCH-SURR$b00$c20110610$lBLL01$h0006
=CAT  \\$a9668$b40$c20110728$lBLL01$h0948
=CAT  \\$a6537$b40$c20120127$lBLL01$h1150
=CAT  \\$aBATCH-UPD$b40$c20150509$lBLL01$h1637
=CAT  \\$aW1711-1225$c20171203$lBLL01$h1041
=FIN  \\$aY$d20110610
=FMT  \\$a  BK
=LAS  \\$aW1711-1225$b00$c20171203$lBLL01$h1041
=SRC  \\$aNETCAT$bbdsemedia.20110610
=STA  \\$aSUPPRESSED$bunable to determine reason for suppression

