=LDR  02099 as a2200541 a 4500
=001  015764111
=003  Uk
=005  20170103075221.0
=006  m\\\\\\\\d\|\\\\\\
=007  cr||||||||||||
=008  110303d20072009enkar\p\o\\\\o0\\\a0eng\\
=015  \\$aGBB129032$2bnb
=040  \\$aUk$beng$cUk$dUk
=042  \\$aukblsr
=082  04$a344.4101$222
=245  00$aCompendium of impact assessments$h[electronic resource].
=260  \\$aLondon :$bDepartment for Business, Enterprise and Regulatory Reform,$c2008-2009.
=310  \\$aAnnual
=336  \\$atext$2rdacontent
=337  \\$acomputer$2rdamedia
=338  \\$aonline resource$2rdacarrier
=362  0\$a2007-2009.
=490  0\$aEmployment relations research series
=538  \\$aMode of access: World Wide Web.
=538  \\$aSystem requirements: Adobe Acrobat Reader.
=580  \\$aContinues: Compendium of regulatory impact assessments (catalogued as monographs).
=588  \\$aTitle from PDF title page (publisher's Web site, viewed Mar. 3, 2011).
=588  \\$aLatest issue consulted: 2008 (viewed Mar. 3, 2011).
=650  \0$aLabor laws and legislation$zGreat Britain$vPeriodicals.
=710  1\$aGreat Britain.$bDepartment for Business, Enterprise and Regulatory Reform.
=780  10$tCompendium of regulatory impact assessments
=856  4\$ahttp://bis.ecgroup.net/Search.aspx$zTo search
=985  \\$aRecord amended for WR# 13/070
=CAT  \\$a5997$b40$c20110303$lBLL01$h0823
=CAT  \\$a5997$b40$c20110303$lBLL01$h1143
=CAT  \\$a5997$b40$c20110303$lBLL01$h1150
=CAT  \\$a5997$b40$c20110303$lBLL01$h1201
=CAT  \\$a3072$b40$c20110303$lBLL01$h1722
=CAT  \\$aWR13_070$b00$c20130504$lBLL01$h0330
=CAT  \\$a8201$b40$c20131023$lBLL01$h0858
=CAT  \\$a7778$b40$c20170103$lBLL01$h0752
=CAT  \\$aW1711-1225$c20171203$lBLL01$h1042
=FIN  \\$aY$d20110303
=FMT  \\$a  SE
=LAS  \\$aW1711-1225$b00$c20171203$lBLL01$h1042
=LET  \0$aCompendium of impact assessments (Electronic)
=STA  \\$aSUPPRESSED$bunable to determine reason for suppression
=TCO  \\$aCLA$bCLA$c008

