=LDR  02390 as a2200565 a 4500
=001  015764782
=003  Uk
=005  20110428142323.0
=006  m\\\\\\\\d\|\\\\\\
=007  cr||||||||||||
=008  110304d200u2010enkar\\\s\\\\o0\\\a0eng\\
=015  \\$aGBB129908$2bnb
=040  \\$aUk$beng$cUk
=042  \\$aukblsr
=082  04$a353.5350941$222
=110  2\$aWomen's National Commission (Great Britain)
=240  10$aAnnual report (Online)
=245  10$aAnnual report of the Women's National Commission ...$h[electronic resource].
=246  1\$iMinor title change:$aAnnual report,$f2006-2010.
=260  \\$aLondon :$bWomen's National Commission
=336  \\$atext$2rdacontent
=337  \\$acomputer$2rdamedia
=338  \\$aonline resource$2rdacarrier
=530  \\$aAlso issued in print format.
=538  \\$aMode of access: World Wide Web.
=538  \\$aSystem requirements: Adobe Acrobat Reader.
=588  \\$aDescription based on: 2003/04 issue; title from PDF title page (publisher's Web site, viewed Mar. 4, 2011).
=588  \\$aLatest issue consulted: 2009/2010 issue (viewed Mar. 4, 2011).
=588  \\$aWNC closed on Dec. 31, 2010: core functions brought into the Government Equalities Office (GEO).$5Uk
=610  20$aWomen's National Commission (Great Britain)$vPeriodicals.
=650  \0$aWomen's rights$zGreat Britain$vPeriodicals.
=650  \0$aWomen$xServices for$zGreat Britain$vPeriodicals.
=776  1\$aWomen's National Commission (Great Britain).$tAnnual report
=856  4\$awww.thewnc.org.uk/home.html$zNo longer links to resource after Mar. 8, 2011?
=CAT  \\$a5997$b40$c20110304$lBLL01$h1500
=CAT  \\$a5997$b40$c20110304$lBLL01$h1518
=CAT  \\$a5997$b40$c20110304$lBLL01$h1519
=CAT  \\$a5997$b40$c20110308$lBLL01$h1242
=CAT  \\$a5997$b40$c20110308$lBLL01$h1249
=CAT  \\$a6537$b40$c20110428$lBLL01$h1423
=CAT  \\$aBATCH-UPD$b40$c20150509$lBLL01$h1644
=CAT  \\$aBATCH-UPD$b40$c20170609$lBLL01$h1342
=CAT  \\$aW1711-1225$c20171203$lBLL01$h1042
=FIN  \\$aY$d20110304
=FMT  \\$a  SE
=LAS  \\$aW1711-1225$b00$c20171203$lBLL01$h1042
=LET  \0$aAnnual report - Women's National Commission (Electronic)
=LKR  \\$aPAR$b010457871$lBLL01$nAnnual report (Print)$mAnnual report (Online)$r776
=STA  \\$aSUPPRESSED$bunable to determine reason for suppression
=TCO  \\$aCLA$bCLA$c008

