=LDR  02220 as a2200529 a 4500
=001  015766341
=003  Uk
=005  20120209164351.0
=006  m\\\\\\\\d\|\\\\\\
=007  cr||||||||||||
=008  110308d200u2010enkuu\p\s\\\\\0\\\a0eng\\
=015  \\$aGBB130361$2bnb
=040  \\$aUk$beng$cUk
=042  \\$aukblsr
=082  04$a353.5350941$222
=130  0\$aNewsletter (Women's National Commission (Great Britain))
=245  10$aNewsletter$h[electronic resource] /$cWomen's National Commission.
=260  \\$a[London] :$bWomen's National Commission
=336  \\$atext$2rdacontent
=337  \\$acomputer$2rdamedia
=338  \\$aonline resource$2rdacarrier
=500  \\$a"updating you on WNC and partners work areas as well as the latest sector news".
=538  \\$aMode of access: World Wide Web.
=538  \\$aSystem requirements: Adobe Acrobat Reader.
=588  \\$aDescription based on: June 2008 (summer 2008) issue; title from PDF caption (issue downloaded, 24/02/2011).
=588  \\$aLatest issue consulted: Spring 2010 (issue downloaded, 24/02/2011).
=588  \\$aWNC closed on Dec. 31, 2010: core functions brought into the Government Equalities Office (GEO).$5Uk
=610  20$aWomen's National Commission (Great Britain)$vPeriodicals.
=650  \0$aWomen's rights$zGreat Britain$vPeriodicals.
=650  \0$aWomen$xServices for$zGreat Britain$vPeriodicals.
=856  4\$awww.thewnc.org.uk/home.html$zNo longer links to resource after Mar. 8, 2011?
=CAT  \\$a5997$b40$c20110308$lBLL01$h1439
=CAT  \\$a5997$b40$c20110308$lBLL01$h1443
=CAT  \\$a5997$b40$c20110309$lBLL01$h0738
=CAT  \\$a5997$b40$c20110309$lBLL01$h1134
=CAT  \\$a5997$b40$c20110309$lBLL01$h1143
=CAT  \\$a11249$b40$c20110315$lBLL01$h1443
=CAT  \\$aBATCH-MBS$c20110318$lBLL01$h2054
=CAT  \\$a6537$b40$c20110505$lBLL01$h1001
=CAT  \\$a11279$b40$c20120209$lBLL01$h1643
=CAT  \\$aW1711-1225$c20171203$lBLL01$h1042
=FIN  \\$aY$d20110308
=FMT  \\$a  SE
=LAS  \\$aW1711-1225$b00$c20171203$lBLL01$h1042
=LET  \0$aNewsletter - Women's National Commission (Electronic)
=STA  \\$aSUPPRESSED$bunable to determine reason for suppression
=TCO  \\$aCLA$bCLA$c008

