=LDR  02219 as a2200541 a 4500
=001  015768350
=003  Uk
=005  20130227092549.0
=006  m\\\\\\\\d\|\\\\\\
=007  cr||||||||||||
=008  110309d200u200uenkar\p\s\\\\\0\\\a0eng\\
=015  \\$aGBB132183$2bnb
=040  \\$aUk$beng$cUk
=042  \\$aukblsr
=082  04$a353.5350941$222
=110  2\$aWomen's National Commission (Great Britain)
=245  10$aBusiness plan$h[electronic resource] /$cWomen's National Commission.
=260  \\$a[London] :$bWomen's National Commission
=310  \\$aAnnual
=336  \\$atext$2rdacontent
=337  \\$acomputer$2rdamedia
=338  \\$aonline resource$2rdacarrier
=538  \\$aMode of access: World Wide Web.
=538  \\$aSystem requirements: Adobe Acrobat Reader.
=588  \\$aDescription based on: 2008/2009 issue; title from PDF caption (issue downloaded 3/03/2011).
=588  \\$aLatest issue consulted: 2009/2010 (issue downloaded 3/03/2011).
=588  \\$aWNC closed on Dec. 31, 2010: core functions brought into the Government Equalities Office (GEO).$5Uk
=610  20$aWomen's National Commission (Great Britain)$vPeriodicals.
=610  20$aWomen's National Commission (Great Britain)$xFinance$vPeriodicals.
=650  \0$aWomen's rights$zGreat Britain$vPeriodicals.
=650  \0$aWomen$xServices for$zGreat Britain$vPeriodicals.
=690  7\$aManagement and Business Studies$2blcoll
=856  4\$awww.thewnc.org.uk/home.html$zNo longer links to resource after Mar. 8, 2011?
=CAT  \\$a5997$b40$c20110309$lBLL01$h0738
=CAT  \\$a5997$b40$c20110309$lBLL01$h1132
=CAT  \\$aBATCH-MBS$c20110318$lBLL01$h2054
=CAT  \\$a6537$b40$c20110428$lBLL01$h1429
=CAT  \\$a11279$b40$c20120209$lBLL01$h1603
=CAT  \\$a7792$b40$c20130227$lBLL01$h0925
=CAT  \\$aBATCH-UPD$b40$c20150509$lBLL01$h1643
=CAT  \\$aBATCH-UPD$b40$c20170609$lBLL01$h1342
=CAT  \\$aW1711-1225$c20171203$lBLL01$h1042
=FIN  \\$aY$d20110309
=FMT  \\$a  SE
=LAS  \\$aW1711-1225$b00$c20171203$lBLL01$h1042
=LET  \0$aBusiness plan - Women's National Commission (Electronic)
=STA  \\$aSUPPRESSED$bunable to determine reason for suppression
=TCO  \\$aCLA$bCLA$c008

