=LDR  01902 as a2200457 a 4500
=001  015768608
=003  Uk
=005  20151020131946.0
=006  m\\\\\\\\d\|\\\\\\
=007  cr||||||||||||
=008  110309d200u2010enkuu\p\s\\\\o0\\\a0eng\\
=015  \\$aGBB132276$2bnb
=040  \\$aUk$beng$cUk
=042  \\$aukblsr
=082  04$a353.5350941$222
=245  00$aWNC Violence Against Working Group and E-Network news update$h[electronic resource].
=246  13$aNews update
=246  17$aWomen' National Commission, Violence Against Women Working Group e-news
=260  \\$a[London] :$bWomen's National Commission
=336  \\$atext$2rdacontent
=337  \\$acomputer$2rdamedia
=338  \\$aonline resource$2rdacarrier
=538  \\$aMode of access: World Wide Web.
=538  \\$aSystem requirements: Adobe Acrobat Reader.
=588  \\$aDescription based on: 30th Jan 2009 issue; title from PDF caption (issue downloaded, 24/02/11).
=588  \\$aLatest issue consulted: 4th Jan. 2010 (issue downloaded, 24/02/11).
=588  \\$aWNC closed on Dec. 31, 2010: core functions brought into the Government Equalities Office (GEO).$5Uk
=610  20$aWomen's National Commission (Great Britain)$vPeriodicals.
=650  \0$aWomen's rights$zGreat Britain$vPeriodicals.
=650  \0$aWomen$xServices for$zGreat Britain$vPeriodicals.
=856  4\$awww.thewnc.org.uk/home.html$zNo longer links to resource after Mar. 8, 2011?
=CAT  \\$a5997$b40$c20110309$lBLL01$h1257
=CAT  \\$a6537$b40$c20110505$lBLL01$h1109
=CAT  \\$a6550$b40$c20151020$lBLL01$h1319
=CAT  \\$aW1711-1225$c20171203$lBLL01$h1042
=FIN  \\$aY$d20110309
=FMT  \\$a  SE
=LAS  \\$aW1711-1225$b00$c20171203$lBLL01$h1042
=LET  \0$aWNC Violence Against Working Group and E-Network news update (Electronic)
=STA  \\$aSUPPRESSED$bunable to determine reason for suppression
=TCO  \\$aCLA$bCLA$c008

