=LDR  01870 as a2200469 a 4500
=001  015773324
=003  Uk
=005  20151020132153.0
=006  m\\\\\\\\d\|\\\\\\
=007  cr||||||||||||
=008  110316d200u2011enkuu\p\s\\\\\0\\\a0eng\\
=015  \\$aGBB135545$2bnb
=040  \\$aUk$beng$cUk
=042  \\$aukblsr
=082  04$a595.709425105$222
=245  00$aDerbyshire & Nottinghamshire Entomological Society bulletin$h[electronic resource] :$bnews & updates.
=246  13$aBulletin :$bnews & updates
=246  3\$aDerbyshire and Nottinghamshire Entomological Society bulletin :$bnews and updates
=260  \\$a[Derbyshire] :$bDerbyshire & Nottinghamshire Entomological Society
=336  \\$atext$2rdacontent
=337  \\$acomputer$2rdamedia
=338  \\$aonline resource$2rdacarrier
=538  \\$aMode of access: email.
=538  \\$aSystem requirements: Adobe Acrobat Reader.
=588  \\$aDescription based on: Nov. 2010 issue; title from PDF caption (email, sent 04 Nov. 2010).
=650  \0$aInsects$zEngland$zDerbyshire$vPeriodicals.
=650  \0$aInsects$zEngland$zNottinghamshire$vPeriodicals.
=650  \0$aEntomology$zEngland$zDerbyshire$vPeriodicals.
=650  \0$aEntomology$zEngland$zNottinghamshire$vPeriodicals.
=710  2\$aDerbyshire & Nottinghamshire Entomological Society.
=856  00$imailto:Dbud01@aol.com
=CAT  \\$a5997$b40$c20110316$lBLL01$h1205
=CAT  \\$a5997$b40$c20110322$lBLL01$h1401
=CAT  \\$a5997$b40$c20110323$lBLL01$h1145
=CAT  \\$a6550$b40$c20151020$lBLL01$h1321
=CAT  \\$aW1711-1225$c20171203$lBLL01$h1042
=FIN  \\$aY$d20110316
=FMT  \\$a  SE
=LAS  \\$aW1711-1225$b00$c20171203$lBLL01$h1042
=LET  \0$aDerbyshire & Nottinghamshire Entomological Society bulletin (Electronic)
=STA  \\$aSUPPRESSED$bunable to determine reason for suppression
=TCO  \\$aCLA$bCLA$c008

