=LDR  01680 am a2200421 a 4500
=001  015779062
=003  Uk
=005  20110404122821.0
=006  m\\\\|\\\d\|\\\\\\
=007  cr||||||||||||
=008  110325s2010\\\\enk||||\s\\\\|000\0\eng\\
=040  \\$aUk$beng$cUk
=042  \\$aukblsr
=082  04$a352.532670941$222
=245  00$aPrinciples of good employment practice$h[electronic resource] :$ba statement of principles that reflect good employment practice for Government, contracting authorities and suppliers.
=260  \\$aLondon :$bCabinet Office,$c2010.
=300  \\$a4 p. :$bdigital, PDF file.
=336  \\$atext$2rdacontent
=337  \\$acomputer$2rdamedia
=338  \\$aonline resource$2rdacarrier
=500  \\$aTitle from PDF title page (viewed on Apr. 4, 2011).
=500  \\$a"December 2010."
=538  \\$aMode of access: World Wide Web.
=538  \\$aSystem requirements: Adobe Acrobat Reader.
=650  \0$aGovernment purchasing$zGreat Britain.
=650  \0$aGovernment contractors$zGreat Britain$xEmployees.
=650  \0$aGovernment contractors$zGreat Britain$xPersonnel management.
=690  7\$aManagement and Business Studies$2blcoll
=710  1\$aGreat Britain.$bCabinet Office.
=856  40$ahttp://www.cabinetoffice.gov.uk/sites/default/files/resources/principles-good-employment.pdf
=CAT  \\$a10983$b40$c20110325$lBLL01$h1519
=CAT  \\$a10983$b40$c20110325$lBLL01$h1520
=CAT  \\$a8141$b40$c20110404$lBLL01$h1228
=CAT  \\$aW1711-1225$c20171203$lBLL01$h1042
=FIN  \\$aY$d20110404
=FMT  \\$a  BK
=LAS  \\$aW1711-1225$b00$c20171203$lBLL01$h1042
=STA  \\$aSUPPRESSED$bunable to determine reason for suppression

