=LDR  01685 as a2200469 a 4500
=001  015780169
=003  Uk
=005  20140520095120.0
=006  m\\\\\\\\d\|\\\\\\
=007  cr||||||||||||
=008  110329d200u201uenkfr\p\o\\\\\0\\\a0eng\\
=015  \\$aGBB139957$2bnb
=040  \\$aUk$beng$cUk$dUk
=042  \\$aukblsr
=082  04$a361.370942598$222
=245  00$aVolunteer workout$h[electronic resource].
=260  \\$aDenham :$bSBDC
=310  \\$aSemiannual
=336  \\$atext$2rdacontent
=337  \\$acomputer$2rdamedia
=338  \\$aonline resource$2rdacarrier
=538  \\$aMode of access: World Wide Web.
=538  \\$aSystem requirements: Adobe Acrobat Reader.
=588  \\$aDescription based on: Winter/spring 2010/2011 issue; title from PDF t.p. (publisher's Web site, viewed Mar. 29 2011).
=650  \0$aVoluntarism$zEngland$zBuckinghamshire$vPeriodicals.
=690  7\$aSocial Welfare$2blcoll
=710  1\$aSouth Bucks (England).$bDistrict Council.
=856  4\$ahttp://www.volunteerworkout.org/newsletters.php$zFollow link to resource
=CAT  \\$a7332$b40$c20110329$lBLL01$h1418
=CAT  \\$a7332$b40$c20110330$lBLL01$h0910
=CAT  \\$a8478$b40$c20130920$lBLL01$h1200
=CAT  \\$aBATCH-SWP$c20130927$lBLL01$h2346
=CAT  \\$aWR14.047$c20140417$lBLL01$h1645
=CAT  \\$a10983$b40$c20140425$lBLL01$h1028
=CAT  \\$a8201$b40$c20140520$lBLL01$h0951
=CAT  \\$aW1711-1225$c20171203$lBLL01$h1042
=FIN  \\$aY$d20110329
=FMT  \\$a  SE
=LAS  \\$aW1711-1225$b00$c20171203$lBLL01$h1042
=LET  \0$aVolunteer workout (Electronic)
=STA  \\$aSUPPRESSED$bunable to determine reason for suppression
=TCO  \\$aCLA$bCLA$c008

