=LDR  01808 am a2200493 a 4500
=001  015784205
=003  Uk
=005  20110411105104.0
=006  m\\\\|\\\d\|\\\\\\
=007  cr||||||||||||
=008  110404s2010\\\\enk||||\sb\\\\000\0\eng\\
=015  \\$aGBB145596$2bnb
=040  \\$aUk$beng$cUk
=042  \\$aukblsr
=082  04$a338.5212015118$222
=100  10$aLechene, Valérie.
=245  10$aNon cooperative household demand$h[electronic resource] /$cValerie Lechene, Ian Preston.
=260  \\$a[London] :$bInstitute for Fiscal Studies,$c2010.
=300  \\$a29 p. :$bdigital, PDF file.
=336  \\$atext$2rdacontent
=337  \\$acomputer$2rdamedia
=338  \\$aonline resource$2rdacarrier
=490  0\$aIFS working paper ;$v10/18
=500  \\$aTitle from PDF title page (viewed on Apr. 11, 2011).
=504  \\$aIncludes bibliographical references.
=538  \\$aMode of access: World Wide Web.
=538  \\$aSystem requirements: Adobe Acrobat Reader.
=650  \0$aDemand (Economic theory)$xMathematical models.
=650  \0$aPublic goods$xMathematical models.
=650  \0$aHouseholds$xEconometric models.
=650  \0$aEquilibrium (Economics)$xMathematical models.
=690  7\$aManagement and Business Studies$2blcoll
=700  1\$aPreston, Ian,$d1964-
=710  2\$aInstitute for Fiscal Studies (Great Britain)
=856  40$ahttp://www.ifs.org.uk/wps/wp1018.pdf
=CAT  \\$a10983$b40$c20110404$lBLL01$h1158
=CAT  \\$a10983$b40$c20110404$lBLL01$h1159
=CAT  \\$a8141$b40$c20110411$lBLL01$h1051
=CAT  \\$aBATCH-UPD$b40$c20150108$lBLL01$h0437
=CAT  \\$aW1711-1225$c20171203$lBLL01$h1042
=FIN  \\$aY$d20110411
=FMT  \\$a  BK
=LAS  \\$aW1711-1225$b00$c20171203$lBLL01$h1042
=STA  \\$aSUPPRESSED$bunable to determine reason for suppression

