=LDR  01650 am a2200457 a 4500
=001  015787212
=003  Uk
=005  20110421093445.0
=006  m\\\\|\\\d\|\\\\\\
=007  cr||||||||||||
=008  110407s2006\\\\enk||||\sb\\\\000\0\eng\\
=015  \\$aGBB150886$2bnb
=040  \\$aUk$beng$cUk
=042  \\$aukblsr
=082  04$a362.8294820941$222
=100  1\$aBrewer, Mike,$d1975-
=245  10$aHow many lone parents are receiving tax credits?$h[electronic resource] /$cMike Brewer, Jonathan Shaw.
=260  \\$a[London] :$bInstitute for Fiscal Studies,$c2006.
=300  \\$a16 p. :$bdigital, PDF file.
=336  \\$atext$2rdacontent
=337  \\$acomputer$2rdamedia
=338  \\$aonline resource$2rdacarrier
=490  0\$aIFS briefing note ;$vno. 70
=500  \\$aTitle from PDF title page (viewed on Apr. 21, 2011).
=504  \\$aIncludes bibliographical references.
=538  \\$aMode of access: World Wide Web.
=538  \\$aSystem requirements: Adobe Acrobat Reader.
=650  \0$aSingle parents$zGreat Britain$xStatistics.
=650  \0$aTax credits$zGreat Britain.
=690  7\$aManagement and Business Studies$2blcoll
=700  1\$aShaw, Jonathan,$d1981-
=710  2\$aInstitute for Fiscal Studies (Great Britain)
=856  40$ahttp://www.ifs.org.uk/bns/bn70.pdf
=CAT  \\$a10983$b40$c20110407$lBLL01$h1136
=CAT  \\$a10983$b40$c20110407$lBLL01$h1138
=CAT  \\$a8141$b40$c20110421$lBLL01$h0934
=CAT  \\$aW1711-1225$c20171203$lBLL01$h1042
=FIN  \\$aY$d20110421
=FMT  \\$a  BK
=LAS  \\$aW1711-1225$b00$c20171203$lBLL01$h1042
=STA  \\$aSUPPRESSED$bunable to determine reason for suppression

