=LDR  01734 am a2200457 a 4500
=001  015787621
=003  Uk
=005  20110419105858.0
=006  m\\\\|\\\d\|\\\\\\
=007  cr||||||||||||
=008  110408s2010\\\\enk||||\ob\\\\00|\0\eng\\
=015  \\$aGBB148954$2bnb
=040  \\$aUk$beng$cUk
=042  \\$aukblsr
=082  04$a379.260941$222
=245  00$aWidening participation in higher education$h[electronic resource] :$banalysis using linked administrative data /$cHaroon Chowdry ... [et al.].
=260  \\$a[London] :$bInstitute for Fiscal Studies,$c2010.
=300  \\$a30 p. :$bdigital, PDF file.
=336  \\$atext$2rdacontent
=337  \\$acomputer$2rdamedia
=338  \\$aonline resource$2rdacarrier
=490  0\$aIFS working paper ;$vW10/04
=500  \\$aTitle from PDF title page (viewed on Apr. 19, 2011).
=504  \\$aIncludes bibliographical references.
=538  \\$aMode of access: World Wide Web.
=538  \\$aSystem requirements: Adobe Acrobat Reader.
=650  \0$aEducation, Higher$zGreat Britain.
=650  \0$aPeople with social disabilities$xEducation (Higher)$zGreat Britain.
=650  \0$aEducational equalization$zGreat Britain.
=690  7\$aManagement and Business Studies$2blcoll
=700  1\$aChowdry, Haroon.
=710  2\$aInstitute for Fiscal Studies (Great Britain)
=856  40$ahttp://www.ifs.org.uk/wps/wp1004.pdf
=CAT  \\$a10983$b40$c20110408$lBLL01$h1037
=CAT  \\$a10983$b40$c20110408$lBLL01$h1038
=CAT  \\$a11281$b40$c20110419$lBLL01$h1058
=CAT  \\$aW1711-1225$c20171203$lBLL01$h1042
=FIN  \\$aY$d20110419
=FMT  \\$a  BK
=LAS  \\$aW1711-1225$b00$c20171203$lBLL01$h1042
=STA  \\$aSUPPRESSED$bunable to determine reason for suppression

