=LDR  01751 am a2200469 a 4500
=001  015788249
=003  Uk
=005  20110504150621.0
=006  m\\\\|\\\d\|\\\\\\
=007  cr||||||||||||
=008  110411s2010\\\\enk||||\ob\\\\00|\0\eng\\
=015  \\$aGBB150734$2bnb
=040  \\$aUk$beng$cUk$dUk
=042  \\$aukblsr
=082  04$a330.941$222
=245  00$aFrom austerity to prosperity$h[electronic resource] :$bseven priorities for the long term /$cKevin Sneader ... [et al.].
=260  \\$a[London] :$bMckinsey Global Institute,$c2010.
=300  \\$a87 p. :$bdigital, PDF file.
=336  \\$atext$2rdacontent
=337  \\$acomputer$2rdamedia
=338  \\$aonline resource$2rdacarrier
=500  \\$aTitle from PDF title page (viewed on Apr. 20, 2011).
=504  \\$aIncludes bibliographical references.
=538  \\$aMode of access: World Wide Web.
=538  \\$aSystem requirements: Adobe Acrobat Reader.
=651  \0$aGreat Britain$xEconomic conditions.
=651  \0$aGreat Britain$xEconomic policy.
=690  7\$aManagement and Business Studies$2blcoll
=700  1\$aSneader, Kevin.
=710  2\$aMcKinsey Global Institute.
=710  2\$aMcKinsey & Company.
=856  40$ahttp://www.mckinsey.com/mgi/publications/UK_report/pdfs/MGI_UK_growth_and_renewal_full_report.pdf
=CAT  \\$a10983$b40$c20110411$lBLL01$h0904
=CAT  \\$a10983$b40$c20110411$lBLL01$h0905
=CAT  \\$a10983$b40$c20110411$lBLL01$h0929
=CAT  \\$a11281$b40$c20110420$lBLL01$h0807
=CAT  \\$a11249$b40$c20110504$lBLL01$h1506
=CAT  \\$aW1711-1225$c20171203$lBLL01$h1042
=FIN  \\$aY$d20110420
=FMT  \\$a  BK
=LAS  \\$aW1711-1225$b00$c20171203$lBLL01$h1042
=STA  \\$aSUPPRESSED$bunable to determine reason for suppression

