=LDR  01552 am a2200433 a 4500
=001  015792220
=003  Uk
=005  20130405150942.0
=006  m\\\\|\\\d\|\\\\\\
=007  cr\|||||||||||
=008  110821s2010\\\\enk\\\\\o\\\\o000\0\eng\d
=015  \\$aGBB322128$2bnb
=040  \\$aIiNdDKA$beng$cIiNdDKA
=042  \\$aukblsr
=043  \\$ae-uk---
=082  04$a332.60941$223
=110  1\$aGreat Britain.$bCapital Investment Branch.
=245  10$aDelegated limits for capital investment$h[electronic resource] /$cprepared by Capital Investment Branch.
=260  \\$a[London] :$bDept. of Health,$c2010.
=300  \\$a1 online resource (13 p.)
=336  \\$atext$2rdacontent
=337  \\$acomputer$2rdamedia
=338  \\$aonline resource$2rdacarrier
=500  \\$aTitle from PDF title page (viewed on Aug. 21, 2011).
=500  \\$a"December 2010."
=650  \0$aCapital investments$zGreat Britain.
=650  \0$aDelegation of authority.
=856  \\$ahttp://www.dh.gov.uk/prod_consum_dh/groups/dh_digitalassets/@dh/@en/@ps/documents/digitalasset/dh_122842.pdf
=985  \\$aNETCAT record
=CAT  \\$a10983$b40$c20110415$lBLL01$h0927
=CAT  \\$a10983$b40$c20110415$lBLL01$h0928
=CAT  \\$aBATCH-SURR$b00$c20130312$lBLL01$h1129
=CAT  \\$a7332$b40$c20130405$lBLL01$h1509
=CAT  \\$aW1711-1225$c20171203$lBLL01$h1042
=FIN  \\$aY$d20130312
=FMT  \\$a  BK
=LAS  \\$aW1711-1225$b00$c20171203$lBLL01$h1042
=SRC  \\$aNETCAT$be0121.mrc.20130312
=STA  \\$aSUPPRESSED$bunable to determine reason for suppression

