=LDR  01927 am a2200481 a 4500
=001  015792921
=003  Uk
=005  20110421104235.0
=006  m\\\\|\\\d\|\\\\\\
=007  cr||||||||||||
=008  110418s2011\\\\enk||||\o\\\\o00|\0\eng\\
=015  \\$aGBB150898$2bnb
=040  \\$aUk$beng$cUk
=042  \\$aukblsr
=082  04$a370.1130941$222
=245  00$aNational learner satisfaction survey.$pYoung people in further education and apprenticeships$h[electronic resource].
=260  \\$aLondon :$bDepartment for Business, Innovation & Skills,$c2011.
=300  \\$a46 p. :$bdigital, PDF file.
=336  \\$atext$2rdacontent
=337  \\$acomputer$2rdamedia
=338  \\$aonline resource$2rdacarrier
=490  0\$aBIS research paper ;$vno. 18
=500  \\$aTitle from PDF title page (viewed on Apr. 21, 2011).
=500  \\$aPublisher's no.: URN 11/716.
=538  \\$aMode of access: World Wide Web.
=538  \\$aSystem requirements: Adobe Acrobat Reader.
=650  \0$aVocational education$zGreat Britain.
=650  \0$aVocational qualifications$zGreat Britain.
=650  \0$aApprenticeship programs$zGreat Britain.
=690  7\$aManagement and Business Studies$2blcoll
=710  1\$aGreat Britain.$bDepartment for Business, Innovation and Skills.
=856  40$ahttp://www.bis.gov.uk/assets/biscore/further-education-skills/docs/n/11-716-nlss-young-people-in-further-education-apprenticeships
=CAT  \\$a10983$b40$c20110418$lBLL01$h1114
=CAT  \\$a10983$b40$c20110418$lBLL01$h1118
=CAT  \\$a10983$b40$c20110418$lBLL01$h1121
=CAT  \\$a11281$b40$c20110421$lBLL01$h1042
=CAT  \\$aBATCH-UPD$b40$c20130411$lBLL01$h1646
=CAT  \\$aBATCH-UPD$b40$c20141226$lBLL01$h2126
=CAT  \\$aW1711-1225$c20171203$lBLL01$h1042
=FIN  \\$aY$d20110421
=FMT  \\$a  BK
=LAS  \\$aW1711-1225$b00$c20171203$lBLL01$h1042
=STA  \\$aSUPPRESSED$bunable to determine reason for suppression

