=LDR  01427 am a2200409 a 4500
=001  015802737
=003  Uk
=005  20120301170750.0
=006  m\\\\|\\\d\|\\\\\\
=007  cr\|||||||||||
=008  110509s2011\\\\wlk||||\ob\\\o00|\0\eng\\
=015  \\$aGBB222010$2bnb
=040  \\$aUk$beng$cUk
=042  \\$aukblsr
=082  04$a362.29656109429$223
=245  00$aDraft tobacco control action plan for Wales$h[electronic resource].
=260  \\$aCardiff :$bWelsh Assembly Government,$c2011.
=300  \\$a1 online resource (45 p.)
=336  \\$atext$2rdacontent
=337  \\$acomputer$2rdamedia
=338  \\$aonline resource$2rdacarrier
=500  \\$aTitle from PDF title page (viewed on Mar. 1, 2012).
=500  \\$a"Consultation document."
=504  \\$aIncludes bibliographical references.
=650  \0$aTobacco use$zWales$xPrevention.
=650  \0$aSmoking cessation$zWales.
=710  1\$aWales.$bWelsh Assembly Government.
=856  40$ahttp://wales.gov.uk/docs/phhs/consultation/110223consultationen.pdf
=CAT  \\$a10983$b40$c20110509$lBLL01$h1524
=CAT  \\$a10983$b40$c20110509$lBLL01$h1526
=CAT  \\$a11281$b40$c20120301$lBLL01$h1706
=CAT  \\$a11281$b40$c20120301$lBLL01$h1707
=CAT  \\$aW1711-1225$c20171203$lBLL01$h1042
=FIN  \\$aY$d20120301
=FMT  \\$a  BK
=LAS  \\$aW1711-1225$b00$c20171203$lBLL01$h1042
=STA  \\$aSUPPRESSED$bunable to determine reason for suppression

