=LDR  01385 am a2200385 a 4500
=001  015802975
=003  Uk
=005  20120215093309.0
=006  m\\\\|\\\d\|\\\\\\
=007  cr\|||||||||||
=008  110510s2011\\\\wlk||||\ob\\\o00|\0\eng\\
=015  \\$aGBB216023$2bnb
=040  \\$aUk$beng$cUk
=042  \\$aukblsr
=082  04$a305.209429$223
=245  00$aAge equality impact assessment for the 2007 - 2013 convergence programmes in Wales$h[electronic resource].
=260  \\$a[Cardiff] :$bWelsh Assembly Government,$c[2011]
=300  \\$a1 online resource (35 p.)
=336  \\$atext$2rdacontent
=337  \\$acomputer$2rdamedia
=338  \\$aonline resource$2rdacarrier
=500  \\$aTitle from PDF title page (viewed on Feb. 15, 2012).
=500  \\$aPublisher's no.: WAG10-11535.
=504  \\$aIncludes bibliographical references.
=650  \0$aAge discrimination$zWales.
=710  1\$aWales.$bWelsh Assembly Government.
=856  40$ahttp://wales.gov.uk/docs/det/consultation/110221ageequalityconvergenceen.pdf
=CAT  \\$a10983$b40$c20110510$lBLL01$h0919
=CAT  \\$a10983$b40$c20110510$lBLL01$h0920
=CAT  \\$a11281$b40$c20120215$lBLL01$h0933
=CAT  \\$aW1711-1225$c20171203$lBLL01$h1042
=FIN  \\$aY$d20120215
=FMT  \\$a  BK
=LAS  \\$aW1711-1225$b00$c20171203$lBLL01$h1042
=STA  \\$aSUPPRESSED$bunable to determine reason for suppression

