=LDR  02024 am a2200493 a 4500
=001  015811474
=003  Uk
=005  20111115111757.0
=006  m\\\\|\\\d\|\\\\\\
=007  cr||||||||||||
=008  110520s2008\\\\enka\\\\ob\\\|000\0\eng\\
=015  \\$aGBB1D0633$2bnb
=040  \\$aUk$beng$cUk
=042  \\$aukblsr
=082  04$a361.3072041$223
=245  03$aAn audit of baseline resources for social work research$h[electronic resource] :$bfinances, staff, teaching.
=260  \\$a[London] :$bESRC,$c2008.
=300  \\$a1 online resource (233 p.) :$bcol. ill.
=336  \\$atext$2rdacontent
=337  \\$acomputer$2rdamedia
=338  \\$aonline resource$2rdacarrier
=500  \\$aTitle from PDF cover page (viewed on Nov. 14, 2011).
=500  \\$a"June 2008."
=504  \\$aIncludes bibliographical references.
=505  0\$aPart 1: An audit of funding for social work / Peter Marsh, Donald Forrester, Roger Smith -- Part 2: An audit of research capacity of social work educators / Jo Moriarty ... et al. -- Part 3: An audit of research teaching in the social work degree / Joan Orme ... et al.
=650  \0$aSocial service$xResearch$zGreat Britain$xFinance.
=650  \0$aSocial work education$zGreat Britain.
=650  \0$aCollege teachers$xResearch$zGreat Britain.
=650  \0$aDegrees, Academic$zGreat Britain.
=690  7\$aSocial Welfare$2blcoll
=700  1\$aMarsh, Peter,$d1950-
=700  1\$aMoriarty, Jo.
=700  1\$aOrme, Joan.
=710  2\$aEconomic and Social Research Council (Great Britain)
=856  40$ahttp://www.esrc.ac.uk/_images/Social_work_audit_report_tcm8-13305.pdf
=CAT  \\$a10983$b40$c20110520$lBLL01$h1212
=CAT  \\$a10983$b40$c20110520$lBLL01$h1213
=CAT  \\$a8141$b40$c20111114$lBLL01$h1253
=CAT  \\$a8141$b40$c20111115$lBLL01$h1117
=CAT  \\$aW1711-1225$c20171203$lBLL01$h1043
=FIN  \\$aY$d20111114
=FMT  \\$a  BK
=LAS  \\$aW1711-1225$b00$c20171203$lBLL01$h1043
=STA  \\$aSUPPRESSED$bunable to determine reason for suppression

