=LDR  02341 am a2200553 i 4500
=001  015818812
=003  Uk
=005  20140822094257.0
=006  m\\\\||\\d\|\\\\\\
=007  cr\|||||||||||
=008  110603s2005\\\\enk\\\\\ob\\\\000\0\eng\\
=015  \\$aGBB432999$2bnb
=040  \\$aUk$beng$cUk$dUk$erda
=042  \\$aukblsr
=082  04$a362.71609411$223
=100  1\$aBackett-Milburn, Kathryn,$d1948-$eauthor.
=245  10$aChildren's concerns about parents' and significant others' health and well-being :$bend of award report.
=264  \1$a[Swindon] :$b[Economic & Social Research Council],$c[2005]
=300  \\$a1 online resource (11 unnumbered pages).
=336  \\$atext$2rdacontent
=337  \\$acomputer$2rdamedia
=338  \\$aonline resource$2rdacarrier
=490  0\$aESRC end of award report ;$vRES-000-22-0490
=500  \\$aTitle from caption.
=500  \\$aAuthor from issuing body website, http://www.esrc.ac.uk/.
=500  \\$aSeries title from issuing body website, http://www.esrc.ac.uk/.
=500  \\$a"Grant Start Date: 01 February 2004, Grant End Date: 30 April 2005"--issuing body website, http://www.esrc.ac.uk/.
=504  \\$aIncludes bibliographical references.
=610  20$aChildLine Scotland (Organization)
=650  \0$aChildren$xCounseling of$zScotland.
=650  \0$aTeenagers$xCounseling of$zScotland.
=650  \0$aChildren$zScotland$xAttitudes.
=650  \0$aTeenagers$zScotland$xAttitudes.
=650  \0$aChildren$xFamily relationships$zScotland.
=650  \0$aTeenagers$xFamily relationships$zScotland.
=650  \0$aParent and child$xHealth aspects$zScotland.
=710  2\$aEconomic and Social Research Council (Great Britain),$eissuing body.
=856  40$ahttp://www.esrc.ac.uk/my-esrc/grants/RES-000-22-0490/outputs/Download/dd37f1c7-f801-488a-ae6a-d622f3306751
=CAT  \\$a10983$b40$c20110603$lBLL01$h1139
=CAT  \\$a10983$b40$c20110603$lBLL01$h1140
=CAT  \\$a12167$b40$c20140324$lBLL01$h1239
=CAT  \\$a12167$b40$c20140325$lBLL01$h1118
=CAT  \\$a10804$b40$c20140326$lBLL01$h1356
=CAT  \\$a12167$b40$c20140822$lBLL01$h0942
=CAT  \\$aW1711-1225$c20171203$lBLL01$h1043
=FIN  \\$aY$d20140324
=FMT  \\$a  BK
=LAS  \\$aW1711-1225$b00$c20171203$lBLL01$h1043
=STA  \\$aSUPPRESSED$bunable to determine reason for suppression

