=LDR  02038 am a2200493 i 4500
=001  015818831
=003  Uk
=005  20140820161028.0
=006  m\\\\||\\d\|\\\\\\
=007  cr\|||||||||||
=008  110603s2010\\\\enk\\\\\o\\\\\000\0\eng\\
=015  \\$aGBB489102$2bnb
=040  \\$aUk$beng$cUk$erda
=042  \\$aukblsr
=082  04$a306.815$223
=100  10$aJamieson, Lynn,$d1952-$eauthor.
=245  10$aRural and urban solo living :$bsocial integration, quality of life and future orientations.
=264  \1$aSwindon :$bESR,$c2010.
=300  \\$a1 online resource (7 pages).
=336  \\$atext$2rdacontent
=337  \\$acomputer$2rdamedia
=338  \\$aonline resource$2rdacarrier
=490  0\$aEconomic and Social Research Council end of award Report ;$vRES-062-23-0172
=500  \\$aTitle from citation details, page 1.
=500  \\$aAuthor from citation details, page 1.
=500  \\$a"Grant start date: 1 Apr 2007, Grant end date: 30 Nov 2009"--grant award details, page 1.
=500  \\$aPublisher is actually ESRC (Economic and Social Research Council).
=650  \0$aLiving alone$zGreat Britain.
=650  \0$aSingle people$zGreat Britain$xSocial conditions.
=650  \0$aCity dwellers$zGreat Britain$xSocial conditions.
=650  \0$aRural men$zGreat Britain$xSocial conditions.
=650  \0$aRural women$zGreat Britain$xSocial conditions.
=710  2\$aEconomic and Social Research Council (Great Britain),$eissuing body.
=856  40$ahttp://www.esrc.ac.uk/my-esrc/grants/RES-062-23-0172/outputs/Download/aee59333-b9d2-47fc-ba29-ee80edfc00ad
=CAT  \\$a10983$b40$c20110603$lBLL01$h1158
=CAT  \\$a10983$b40$c20110603$lBLL01$h1159
=CAT  \\$a12167$b40$c20140820$lBLL01$h1608
=CAT  \\$a12167$b40$c20140820$lBLL01$h1610
=CAT  \\$aBATCH-UPD$b40$c20150509$lBLL01$h1726
=CAT  \\$aW1711-1225$c20171203$lBLL01$h1043
=FIN  \\$aY$d20140820
=FMT  \\$a  BK
=LAS  \\$aW1711-1225$b00$c20171203$lBLL01$h1043
=STA  \\$aSUPPRESSED$bunable to determine reason for suppression

