=LDR  01929 am a2200481 a 4500
=001  015822370
=003  Uk
=005  20130312113033.0
=006  m\\\\|\\\d\|\\\\\\
=007  cr\|||||||||||
=008  111008s2011\\\\stk\\\\\ob\\\o000\0\eng\d
=015  \\$aGBB322342$2bnb
=020  \\$a9780755999736
=040  \\$aIiNdDKA$beng$cIiNdDKA
=042  \\$aukblsr
=043  \\$ae-uk-st
=082  04$a363.7387409411$223
=245  00$aPublic bodies climate change duties$h[electronic resource] :$bputting them into practice : consultation on draft guidance required by part 4 of the Climate Change (Scotland) Act 2009 : Scottish Government response.
=260  \\$aEdinburgh :$bScottish Government,$c2011.
=300  \\$a1 online resource (7, [1] p.)
=336  \\$atext$2rdacontent
=337  \\$acomputer$2rdamedia
=338  \\$aonline resource$2rdacarrier
=500  \\$aTitle from PDF title page (viewed on Oct. 8, 2011).
=500  \\$a"DPPAS11209 (01/11). February 2011"--T.p. verso.
=504  \\$aIncludes bibliographical references.
=610  10$aScotland.$tClimate Change (Scotland) Act 2009.
=650  \0$aAdministrative agencies$xEnvironmental aspects$zScotland.
=650  \0$aExecutive advisory bodies$xEnvironmental aspects$zScotland.
=650  \0$aClimatic changes$xGovernment policy$zScotland.
=650  \0$aClimatic changes$xLaw and legislation$zScotland.
=710  1\$aScotland.$bScottish Government.
=856  40$ahttp://www.scotland.gov.uk/Resource/Doc/340713/0112976.pdf
=985  \\$aNETCAT record
=CAT  \\$a10983$b40$c20110608$lBLL01$h1015
=CAT  \\$a10983$b40$c20110608$lBLL01$h1018
=CAT  \\$aBATCH-SURR$b00$c20130312$lBLL01$h1129
=CAT  \\$aW1711-1225$c20171203$lBLL01$h1043
=FIN  \\$aY$d20130312
=FMT  \\$a  BK
=LAS  \\$aW1711-1225$b00$c20171203$lBLL01$h1043
=SRC  \\$aNETCAT$be0121.mrc.20130312
=STA  \\$aSUPPRESSED$bunable to determine reason for suppression

