=LDR  01961 am a2200505 a 4500
=001  015823484
=003  Uk
=005  20130312113046.0
=006  m\\\\|\\\d\|\\\\\\
=007  cr\|||||||||||
=008  120314s2011\\\\stka\\\\ob\\\o000\0\eng\d
=015  \\$aGBB322583$2bnb
=020  \\$a9781780450070
=040  \\$aIiNdDKA$beng$cIiNdDKA
=042  \\$aukblsr
=043  \\$ae-uk-st
=082  04$a630.9411$223
=110  1\$aScotland.$bRural and Environment Research and Analysis Directorate.$bRural and Environment Analytical Services.
=245  13$aAn economic assessment of proposals from Brian Pack Inquiry into the future of support for agriculture in Scotland$h[electronic resource] :$bfinal report /$cScottish Government, Rural and Environment Analytical Services.
=260  \\$a[Edinburgh] :$bScottish Government,$cc2011.
=300  \\$a1 online resource (iii, 26 p.) :$bcol. ill.
=336  \\$atext$2rdacontent
=337  \\$acomputer$2rdamedia
=338  \\$aonline resource$2rdacarrier
=500  \\$aTitle from PDF cover (viewed on Mar. 14, 2012).
=500  \\$a"January 2010."
=500  \\$a"DPPAS11271 (02/11)"--Back cover.
=504  \\$aIncludes bibliographical references.
=650  \0$aAgriculture$zScotland.
=650  \0$aAgriculture and state$zScotland.
=700  1\$aPack, Brian.
=710  1\$aScotland.$bScottish Government.
=856  40$ahttp://www.scotland.gov.uk/Resource/Doc/342129/0113830.pdf
=985  \\$aNETCAT record
=CAT  \\$a10983$b40$c20110610$lBLL01$h0914
=CAT  \\$a10983$b40$c20110610$lBLL01$h0920
=CAT  \\$a10983$b40$c20110610$lBLL01$h1102
=CAT  \\$a10983$b40$c20110610$lBLL01$h1111
=CAT  \\$aBATCH-SURR$b00$c20130312$lBLL01$h1129
=CAT  \\$aW1711-1225$c20171203$lBLL01$h1043
=FIN  \\$aY$d20130312
=FMT  \\$a  BK
=LAS  \\$aW1711-1225$b00$c20171203$lBLL01$h1043
=SRC  \\$aNETCAT$be0121.mrc.20130312
=STA  \\$aSUPPRESSED$bunable to determine reason for suppression

