=LDR  01600 am a2200433 a 4500
=001  015831191
=003  Uk
=005  20120921132153.0
=006  m\\\\|\\\d\|\\\\\\
=007  cr||||||||||||
=008  110622s2011\\\\enk\\\\\ob\\\|000\0\eng\\
=015  \\$aGBB295198$2bnb
=040  \\$aUk$beng$cUk
=042  \\$aukblsr
=082  04$a361.610941$223
=245  00$aBuilding a social recovery?$h[electronic resource] :$ba first year report card on the Coalition Government.
=260  \\$aLondon :$bCentre for Social Justice,$c2011.
=300  \\$a1 online resource (12 p.)
=336  \\$atext$2rdacontent
=337  \\$acomputer$2rdamedia
=338  \\$aonline resource$2rdacarrier
=500  \\$aTitle from PDF cover page (viewed on September 21, 2012).
=500  \\$a"May 2011."
=504  \\$aIncludes bibliographical references.
=650  \0$aCoalition governments$zGreat Britain.
=651  \0$aGreat Britain$xPolitics and government$y2007-
=651  \0$aGreat Britain$xSocial policy$y2007-.
=690  7\$aSocial Welfare$2blcoll
=710  2\$aCentre for Social Justice (Great Britain)
=856  4\$ahttp://www.centreforsocialjustice.org.uk/client/downloads/20110512_CSJReportCardFinal.pdf
=CAT  \\$a10983$b40$c20110622$lBLL01$h0841
=CAT  \\$a10983$b40$c20110622$lBLL01$h0842
=CAT  \\$a10983$b40$c20110622$lBLL01$h0853
=CAT  \\$a7332$b40$c20120921$lBLL01$h1321
=CAT  \\$aW1711-1225$c20171203$lBLL01$h1043
=FIN  \\$aY$d20120921
=FMT  \\$a  BK
=LAS  \\$aW1711-1225$b00$c20171203$lBLL01$h1043
=STA  \\$aSUPPRESSED$bunable to determine reason for suppression

