=LDR  02366 as a2200589 a 4500
=001  015838394
=003  Uk
=005  20110714135913.0
=006  m\\\\\\\\d\|\\\\\\
=007  cr||||||||||||
=008  110629c200u9999enk\x\p\s\\\\\0\\\a0eng\\
=015  \\$aGBB179092$2bnb
=022  0\$a2047-2714$202
=040  \\$aUk$beng$cUk
=042  \\$aukblsr$aissnuk
=082  04$a624.1840941$223
=130  0\$aWood information (Online)
=222  \0$aWood information$b(Online)
=245  10$aWood information$h[electronic resource] /$cTRADA Technology.
=246  1\$iAlso known as:$aWood information sheet
=246  13$aTRADA wood information
=246  3\$aTimber Research and Development Association wood information
=260  \\$aHigh Wycombe :$bTRADA Technology
=310  \\$aIrregular
=336  \\$atext$2rdacontent
=337  \\$acomputer$2rdamedia
=338  \\$aonline resource$2rdacarrier
=500  \\$aConsists of new and revised information sheets as and when published.
=538  \\$aMode of access: World Wide Web.
=538  \\$aSystem requirements: Adobe Acrobat Reader.
=580  \\$aPreviously issued in print.
=588  \\$aDescription based on: Section 1 sheet 50 (May 2009) issue; title from PDF caption (email, viewed 16/12/2010).
=588  \\$aLatest issue consulted: Section 2/3 sheet 66 (June 2010) (email, viewed 16/12/2010).
=650  \0$aTimber$zGreat Britain$vHandbooks, manuals, etc.
=710  2\$aTRADA Technology.
=710  2\$aTimber Research and Development Association.
=780  10$tWood information$x0267-2995
=856  4\$ahttp://www.trada.co.uk/$zTo register
=985  \\$aAs we haven't got the base volume, decided not to treat as an integrated resource for the electronic issues.
=CAT  \\$a5997$b40$c20110629$lBLL01$h1453
=CAT  \\$a5997$b40$c20110630$lBLL01$h1229
=CAT  \\$a5997$b40$c20110630$lBLL01$h1233
=CAT  \\$a5997$b40$c20110630$lBLL01$h1346
=CAT  \\$a11316$b40$c20110714$lBLL01$h1359
=CAT  \\$aW1711-1225$c20171203$lBLL01$h1043
=FIN  \\$aY$d20110629
=FMT  \\$a  SE
=LAS  \\$aW1711-1225$b00$c20171203$lBLL01$h1043
=LET  \0$aWood information sheets (Electronic)
=LKR  \\$aPAR$b014457124$lBLL01$nWood information (Print)$mWood information (Online)$r78010
=STA  \\$aSUPPRESSED$bunable to determine reason for suppression
=TCO  \\$aCLA$bCLA$c008

