=LDR  01063 am a22002533a 4500
=001  015839710
=003  Uk
=005  20201017094310.0
=008  110704s\\\\\\\\\\\\\\\\\\\\\\\0\\\\eng\\
=245  \0$aProposals for the reform of Legal Aid in England and Wales :$bLegal Aid remuneration - experts' fees : equalities impact assessment (EIA).
=260  \\$aLondon :$bMinistry of Justice,$c2010.
=336  \\$atext$2rdacontent
=337  \\$aunmediated$2rdamedia
=338  \\$avolume$2rdacarrier
=856  40$awww.justice.gov.uk/downloads/consultations/eia-expert-fees.pdf
=883  0\$aLanguage codes assigned by Bayesian analysis of words present in record$d20200826$qUk$c0.9919
=985  \\$aUpgraded by BSS-generated file for WR2009-0365
=CAT  \\$a10983$b40$c20110704$lBLL01$h0827
=CAT  \\$a10983$b40$c20110704$lBLL01$h0828
=CAT  \\$aW1711-1225$c20171203$lBLL01$h1043
=CAT  \\$aW2009-0365$b00$c20201017$lBLL01$h0943
=FMT  \\$a  BK
=LAS  \\$aW2009-0365$b00$c20201017$lBLL01$h0943
=STA  \\$aSUPPRESSED$bunable to determine reason for suppression

