=LDR  01939 am a2200469 i 4500
=001  015840281
=003  Uk
=005  20141014163030.0
=006  m\\\\||\\d\|\\\\\\
=007  cr\|||||||||||
=008  140531s2011\\\\enka\\\\ob\\\\000\0\eng\d
=015  \\$aGBB4A9673$2bnb
=040  \\$aIiNdDKA$beng$cIiNdDKA$erda
=042  \\$aukblsr
=043  \\$ae-uk---
=082  04$a362.1968300941$223
=110  2\$aSkills for Care (Organization),$eauthor.
=245  10$aCommon core principles for supporting people with dementia :$ba guide to training the social care and health workforce.
=264  \1$aLeeds :$bSkills for Care ;$aBristol :$bSkills for Health,$c[2011]
=300  \\$a1 online resource (33 pages) :$billustrations (colour)
=336  \\$atext$2rdacontent
=337  \\$acomputer$2rdamedia
=338  \\$aonline resource$2rdacarrier
=500  \\$a"Skills for Care ref. no. DS024"--Acknowledgements.
=504  \\$aIncludes bibliographical references (pages 30-35).
=588  \\$aDescription based on online resource; title from PDF cover page (viewed on May 31, 2014).
=650  \0$aDementia$xPatients$xCare$zGreat Britain.
=650  \0$aDementia$xPatients$xServices for$zGreat Britain.
=650  \0$aMedical personnel$xTraining of$zGreat Britain.
=710  2\$aSkills for Health (Great Britain),$eissuing body.
=710  1\$aGreat Britain.$bDepartment of Health,$eissuing body.
=856  40$ahttp://www.dh.gov.uk/prod_consum_dh/groups/dh_digitalassets/documents/digitalasset/dh_127587.pdf
=985  \\$aNETCAT record
=CAT  \\$a10983$b40$c20110705$lBLL01$h0924
=CAT  \\$a10983$b40$c20110705$lBLL01$h0925
=CAT  \\$aBATCH-SURR$b00$c20141014$lBLL01$h1628
=CAT  \\$aW1711-1225$c20171203$lBLL01$h1043
=FIN  \\$aY$d20141014
=FMT  \\$a  BK
=LAS  \\$aW1711-1225$b00$c20171203$lBLL01$h1043
=SRC  \\$aNETCAT$bnetcatem.20141014
=STA  \\$aSUPPRESSED$bunable to determine reason for suppression

