=LDR  01569 am a2200421 a 4500
=001  015840338
=003  Uk
=005  20121010141703.0
=006  m\\\\||\\d\|\\\\\\
=007  cr\|||||||||||
=008  110705s2011\\\\enk||||\o\\\\o00|\0\eng\\
=015  \\$aGBB2A3277$2bnb
=040  \\$aUk$beng$cUk
=042  \\$aukblsr
=082  04$a362.1976430941$223
=245  00$aCapitation & quality scheme statement of financial entitlements$h[electronic resource].
=260  \\$aLondon :$bDepartment of Health,$c2011.
=300  \\$a1 online resource (187 p.)
=336  \\$atext$2rdacontent
=337  \\$acomputer$2rdamedia
=338  \\$aonline resource$2rdacarrier
=588  \\$aDescription based on online resource; title from PDF title page (viewed on Oct. 10, 2012).
=650  \0$aDental care$zGreat Britain.
=650  \0$aDental care, Cost of$zGreat Britain.
=650  \0$aDental economics$zGreat Britain.
=650  \0$aDental policy$zGreat Britain.
=710  1\$aGreat Britain.$bDepartment of Health.
=856  40$ahttp://www.dh.gov.uk/prod_consum_dh/groups/dh_digitalassets/documents/digitalasset/dh_127344.pdf
=985  \\$aRecord amended for WR# 13/070
=CAT  \\$a10983$b40$c20110705$lBLL01$h1020
=CAT  \\$a10983$b40$c20110705$lBLL01$h1021
=CAT  \\$a11281$b40$c20121010$lBLL01$h1417
=CAT  \\$aWR13_070$b00$c20130504$lBLL01$h0332
=CAT  \\$aW1711-1225$c20171203$lBLL01$h1043
=FIN  \\$aY$d20121010
=FMT  \\$a  BK
=LAS  \\$aW1711-1225$b00$c20171203$lBLL01$h1043
=STA  \\$aSUPPRESSED$bunable to determine reason for suppression

