=LDR  01991 am a2200493 a 4500
=001  015849191
=003  Uk
=005  20120828102739.0
=006  m\\\\|\\\d\|\\\\\\
=007  cr||||||||||||
=008  110715s2011\\\\enka\\\\ob\\\\000\0\eng\\
=015  \\$aGBB283702$2bnb
=040  \\$aUk$beng$cUk
=042  \\$aukblsr
=082  04$a338.941$223
=100  1\$aBlackwell, Norman.
=245  10$aLook back from the future$h[electronic resource] :$ba radical path to growth and prosperity in the 21st century /$cNorman Blackwell.
=260  \\$a[London] :$bCentre for Policy Studies,$c2011.
=300  \\$a1 online resource (34 p.) :$bill.
=336  \\$atext$2rdacontent
=337  \\$acomputer$2rdamedia
=338  \\$aonline resource$2rdacarrier
=500  \\$aTitle from PDF title page (viewed on Aug. 24, 2012).
=500  \\$a"June 2011."
=504  \\$aIncludes bibliographical references.
=530  \\$aAlso issued in print format.
=650  \0$aEconomic development projects$zGreat Britain.
=650  \0$aEconomic indicators$zGreat Britain.
=651  \0$aGreat Britain$xEconomic conditions.
=651  \0$aGreat Britain$xEconomic policy.
=690  7\$aSocial Welfare$2blcoll
=710  2\$aCentre for Policy Studies.
=856  40$ahttp://www.cps.org.uk/cps_catalog2/look%20back%20from%20the%20future.pdf
=CAT  \\$a10983$b40$c20110715$lBLL01$h1530
=CAT  \\$a10983$b40$c20110715$lBLL01$h1531
=CAT  \\$a8141$b40$c20120824$lBLL01$h1458
=CAT  \\$a8141$b40$c20120828$lBLL01$h0949
=CAT  \\$a8141$b40$c20120828$lBLL01$h1027
=CAT  \\$aW1711-1225$c20171203$lBLL01$h1044
=FIN  \\$aY$d20120824
=FMT  \\$a  BK
=LAS  \\$aW1711-1225$b00$c20171203$lBLL01$h1044
=LKR  \\$aPAR$b015861409$lBLL01$r776$mLook back from the future a radical path to growth and prosperity in the 21st century /$nLook back from the future : a radical path to growth and prosperity in the 21st century /
=STA  \\$aSUPPRESSED$bunable to determine reason for suppression

