=LDR  02203 am a2200541 a 4500
=001  015853648
=003  Uk
=005  20111208093405.0
=006  m\\\\|\\\d\|\\\\\\
=007  cr||||||||||||
=008  110722s2008\\\\enk\\\\\o\\\\\000\0\eng\\
=015  \\$aGBB1E0868$2bnb
=040  \\$aUk$beng$cUk
=042  \\$aukblsr
=082  04$a790.192208309424$223
=245  00$a'Fun and freedom'$h[electronic resource] :$bwhat children say about play in a sample of Play Strategy consultations.
=260  \\$aLondon :$bPlay England,$c2008.
=300  \\$a1 online resource (37 p.)
=336  \\$atext$2rdacontent
=337  \\$acomputer$2rdamedia
=338  \\$aonline resource$2rdacarrier
=500  \\$aTitle from PDF cover page (viewed on Dec. 8, 2011).
=500  \\$a"August 2008."
=650  \0$aPlay$zEngland$zWest Midlands$xPublic opinion.
=650  \0$aPlay$zEngland$zNorth East$xPublic opinion.
=650  \0$aPlay$xSocial aspects$zEngland$zWest Midlands$xPublic opinion.
=650  \0$aPlay$xSocial aspects$zEngland$zNorth East$xPublic opinion.
=650  \0$aPlay environments$zEngland$zWest Midlands$xPublic opinion.
=650  \0$aPlay environments$zEngland$zNorth East$xPublic opinion.
=650  \0$aOutdoor recreation for children$zEngland$zWest Midlands$xPublic opinion.
=650  \0$aOutdoor recreation for children$zEngland$zNorth East$xPublic opinion.
=650  \0$aChildren$zEngland$zWest Midlands$xAttitudes.
=650  \0$aChildren$zEngland$zNorth East$xAttitudes.
=650  \0$aPublic opinion$zEngland$zWest Midlands.
=650  \0$aPublic opinion$zEngland$zNorth East.
=690  7\$aSocial Welfare$2blcoll
=710  2\$aPlay England (Project)
=710  2\$a11 Million (Organization)
=856  40$ahttp://www.playengland.org.uk/media/130599/policies-and-play.pdf
=CAT  \\$a10983$b40$c20110722$lBLL01$h1155
=CAT  \\$a10983$b40$c20110722$lBLL01$h1157
=CAT  \\$a10983$b40$c20110722$lBLL01$h1158
=CAT  \\$a8141$b40$c20111208$lBLL01$h0934
=CAT  \\$aW1711-1225$c20171203$lBLL01$h1044
=FIN  \\$aY$d20111208
=FMT  \\$a  BK
=LAS  \\$aW1711-1225$b00$c20171203$lBLL01$h1044
=STA  \\$aSUPPRESSED$bunable to determine reason for suppression

