=LDR  01823 am a2200469 a 4500
=001  015858237
=003  Uk
=005  20130327151313.0
=006  m\\\\|\\\d\|\\\\\\
=007  cr\|||||||||||
=008  120828s2005\\\\enk\\\\\o\\\\o000\0\eng\d
=015  \\$aGBB331897$2bnb
=040  \\$aIiNdDKA$beng$cIiNdDKA
=042  \\$aukblsr
=043  \\$ae-uk-en
=082  04$a365.60942733$223
=100  10$aShaw, Stephen,$d1953-
=245  10$aInvestigation into the death of a man at HMP Manchester, on 9 March 2005$h[electronic resource] :$breport /$cby the Prisons and Probation Ombudsman for England and Wales [i.e. Stephen Shaw].
=260  \\$a[London] :$bPrisons and Probation Ombudsman for England and Wales,$c2005.
=300  \\$a1 online resource (11 p.)
=336  \\$atext$2rdacontent
=337  \\$acomputer$2rdamedia
=338  \\$aonline resource$2rdacarrier
=500  \\$aTitle from PDF title page (viewed on Aug. 28, 2012).
=500  \\$a"June 2005."
=610  20$aHM Prison Manchester.
=650  \0$aPrisoners$zEngland$zManchester$xDeath$vCase studies.
=650  \0$aDeath$zEngland$zManchester$xCauses$vCase studies.
=650  \0$aPrisoners$xMedical care$zEngland$zManchester.
=710  2\$aPrisons and Probation Ombudsman for England and Wales.
=856  40$ahttp://www.ppo.gov.uk/docs/21105-death-of-male-prisoner.pdf
=985  \\$aNETCAT record
=CAT  \\$a10983$b40$c20110729$lBLL01$h1214
=CAT  \\$a10983$b40$c20110729$lBLL01$h1215
=CAT  \\$aBATCH-SURR$b00$c20130327$lBLL01$h1511
=CAT  \\$aBATCH-UPD$b00$c20150509$lBLL01$h1722
=CAT  \\$aW1711-1225$c20171203$lBLL01$h1044
=FIN  \\$aY$d20130327
=FMT  \\$a  BK
=LAS  \\$aW1711-1225$b00$c20171203$lBLL01$h1044
=SRC  \\$aNETCAT$be2262.mrc.20130327
=STA  \\$aSUPPRESSED$bunable to determine reason for suppression

