=LDR  01871 am a2200469 a 4500
=001  015858713
=003  Uk
=005  20130327151320.0
=006  m\\\\|\\\d\|\\\\\\
=007  cr\|||||||||||
=008  121003s2006\\\\enk\\\\\o\\\\o000\0\eng\d
=015  \\$aGBB332087$2bnb
=040  \\$aIiNdDKA$beng$cIiNdDKA
=042  \\$aukblsr
=043  \\$ae-uk-en
=082  04$a365.60942813$223
=100  10$aShaw, Stephen,$d1953-
=245  14$aThe circumstances surrounding the death of a woman from HMP/YOI New Hall, at a hospital on 12 October 2004$h[electronic resource] :$breport /$cby the Prisons and Probation Ombudsman for England and Wales [i.e. Stephen Shaw].
=260  \\$a[London] :$bPrisons and Probation Ombudsman for England and Wales,$c2006.
=300  \\$a1 online resource (43 p.)
=336  \\$atext$2rdacontent
=337  \\$acomputer$2rdamedia
=338  \\$aonline resource$2rdacarrier
=500  \\$aTitle from PDF title page (viewed on Oct. 3, 2012).
=500  \\$a"February 2006."
=610  20$aHMP & YOI New Hall.
=650  \0$aWomen prisoners$zEngland$zFlockton$xDeath$vCase studies.
=650  \0$aDeath$zEngland$zFlockton$xCauses$vCase studies.
=650  \0$aWomen prisoners$xSuicidal behavior$zEngland$zFlockton.
=710  2\$aPrisons and Probation Ombudsman for England and Wales.
=856  40$ahttp://www.ppo.gov.uk/docs/13804-death-of-female-prisoner.pdf
=985  \\$aNETCAT record
=CAT  \\$a10983$b40$c20110801$lBLL01$h0806
=CAT  \\$a10983$b40$c20110801$lBLL01$h0807
=CAT  \\$aBATCH-SURR$b00$c20130327$lBLL01$h1511
=CAT  \\$aBATCH-UPD$b00$c20150509$lBLL01$h1707
=CAT  \\$aW1711-1225$c20171203$lBLL01$h1044
=FIN  \\$aY$d20130327
=FMT  \\$a  BK
=LAS  \\$aW1711-1225$b00$c20171203$lBLL01$h1044
=SRC  \\$aNETCAT$be2262.mrc.20130327
=STA  \\$aSUPPRESSED$bunable to determine reason for suppression

