=LDR  01307 am a2200361 a 4500
=001  015859263
=003  Uk
=005  20121030083109.0
=006  m\\\\||\\d\|\\\\\\
=007  cr\|||||||||||
=008  110802s2011\\\\enk||||\o\\\\o00|\0\eng\\
=015  \\$aGBB2A8813$2bnb
=040  \\$aUk$beng$cUk
=042  \\$aukblsr
=082  04$a345.410772$223
=245  04$aThe Sentencing Council resource model$h[electronic resource].
=260  \\$a[London] :$bSentencing Council,$c[2011]
=300  \\$a1 online resource (7 p.)
=336  \\$atext$2rdacontent
=337  \\$acomputer$2rdamedia
=338  \\$aonline resource$2rdacarrier
=588  \\$aDescription based on online resource; title from PDF title page (viewed on Oct. 30, 2012).
=650  \0$aSentences (Criminal procedure)$zGreat Britain.
=710  2\$aSentencing Council for England and Wales.
=856  40$ahttp://sentencingcouncil.judiciary.gov.uk/docs/The_Sentencing_Council_Resource_Model.pdf
=CAT  \\$a10983$b40$c20110802$lBLL01$h0930
=CAT  \\$a10983$b40$c20110802$lBLL01$h0931
=CAT  \\$a11281$b40$c20121030$lBLL01$h0831
=CAT  \\$aW1711-1225$c20171203$lBLL01$h1044
=FIN  \\$aY$d20121030
=FMT  \\$a  BK
=LAS  \\$aW1711-1225$b00$c20171203$lBLL01$h1044
=STA  \\$aSUPPRESSED$bunable to determine reason for suppression

