=LDR  01591 am a2200445 a 4500
=001  015859454
=003  Uk
=005  20130327151258.0
=006  m\\\\|\\\d\|\\\\\\
=007  cr\|||||||||||
=008  120821s2005\\\\ie\a\\\\o\\\\o000\0\eng\d
=015  \\$aGBB331592$2bnb
=020  \\$z9781844961474
=040  \\$aIiNdDKA$beng$cIiNdDKA
=042  \\$aukblsr
=043  \\$ae-ie---
=082  04$a690.2209417$223
=245  00$aCode of practice for safety in roofwork$h[electronic resource].
=260  \\$a[Dublin] :$bHealth and Safety Authority,$c[2005]
=300  \\$a1 online resource (viii, 111 p.) :$bcol. ill.
=336  \\$atext$2rdacontent
=337  \\$acomputer$2rdamedia
=338  \\$aonline resource$2rdacarrier
=500  \\$aTitle from PDF cover (viewed on Aug. 18, 2012).
=500  \\$aPublisher's no.: HSA0355.
=650  \0$aBuilding trades$xLaw and legislation$zIreland.
=650  \0$aRoofing$xAccidents$zIreland.
=650  \0$aConstruction industry$xSafety regulations$zIreland.
=710  1\$aIreland.$bHealth and Safety Authority.
=856  40$ahttp://www.hsa.ie/eng/Publications_and_Forms/Publications/Construction/CoP_Roofwork1.pdf
=985  \\$aNETCAT record
=CAT  \\$a10983$b40$c20110802$lBLL01$h1313
=CAT  \\$a10983$b40$c20110802$lBLL01$h1314
=CAT  \\$aBATCH-SURR$b00$c20130327$lBLL01$h1510
=CAT  \\$aW1711-1225$c20171203$lBLL01$h1044
=FIN  \\$aY$d20130327
=FMT  \\$a  BK
=LAS  \\$aW1711-1225$b00$c20171203$lBLL01$h1044
=SRC  \\$aNETCAT$be2262.mrc.20130327
=STA  \\$aSUPPRESSED$bunable to determine reason for suppression

