=LDR  01428 am a2200373 a 4500
=001  015862502
=003  Uk
=005  20121108081806.0
=006  m\\\\||\\d\|\\\\\\
=007  cr\|||||||||||
=008  110805s2011\\\\enk||||\o\\\\o00|\0\eng\\
=015  \\$aGBB2B3036$2bnb
=040  \\$aUk$beng$cUk
=042  \\$aukblsr
=082  04$a345.41077$223
=245  00$aWhat is the Rehabilitation of Offenders Act 1974?$h[electronic resource].
=260  \\$a[London] :$bMinistry of Justice,$c[2011]
=300  \\$a1 online resource (5 p.)
=336  \\$atext$2rdacontent
=337  \\$acomputer$2rdamedia
=338  \\$aonline resource$2rdacarrier
=588  \\$aDescription based on online resource; title from PDF title page (viewed on Nov. 8, 2012).
=610  10$aGreat Britain.$tRehabilitation of Offenders Act 1974.
=650  \0$aCriminals$xRehabilitation$xLaw and legislation$zGreat Britain.
=710  1\$aGreat Britain.$bMinistry of Justice.
=856  40$awww.justice.gov.uk/downloads/guidance/prison-probation-and-rehabilitation/rehaboffenders/rehabilitation-offenders.pdf
=CAT  \\$a10983$b40$c20110805$lBLL01$h0827
=CAT  \\$a10983$b40$c20110805$lBLL01$h0831
=CAT  \\$a11281$b40$c20121108$lBLL01$h0818
=CAT  \\$aW1711-1225$c20171203$lBLL01$h1044
=FIN  \\$aY$d20121108
=FMT  \\$a  BK
=LAS  \\$aW1711-1225$b00$c20171203$lBLL01$h1044
=STA  \\$aSUPPRESSED$bunable to determine reason for suppression

