=LDR  01807 am a2200457 a 4500
=001  015866529
=003  Uk
=005  20130327151320.0
=006  m\\\\|\\\d\|\\\\\\
=007  cr\|||||||||||
=008  121004s2011\\\\enk\\\\\ob\\\\000\0\eng\d
=015  \\$aGBB332098$2bnb
=040  \\$aIiNdDKA$beng$cIiNdDKA
=042  \\$aukblsr
=043  \\$aa-sy---
=082  04$a323.095691$223
=245  00$aSyria$h[electronic resource] :$bend human rights violations in Syria : Amnesty International submission to the UN Universal Periodic Review, October 2011.
=246  13$aSyria :$bsubmission to the UN Universal Periodic Review 12th Session of the UPR Working Group, October 2011
=260  \\$aLondon :$bAmnesty International,$c2011.
=300  \\$a1 online resource (9, [2] p.)
=336  \\$atext$2rdacontent
=337  \\$acomputer$2rdamedia
=338  \\$aonline resource$2rdacarrier
=500  \\$aTitle from PDF cover (viewed on Oct. 4, 2012).
=500  \\$a"Index: MDE 24/034/2011"--P. 3.
=504  \\$aIncludes bibliographical references (p. 9).
=650  \0$aHuman rights$zSyria.
=710  2\$aUnited Nations Human Rights Council.$bUPR Working Group.
=710  2\$aAmnesty International.
=856  40$ahttp://www.amnesty.org/en/library/asset/MDE24/034/2011/en/c6666d8d-abc3-4cd5-8684-dea9178e765d/mde240342011en.pdf
=985  \\$aNETCAT record
=CAT  \\$a10983$b40$c20110811$lBLL01$h1009
=CAT  \\$a10983$b40$c20110811$lBLL01$h1013
=CAT  \\$a10983$b40$c20110811$lBLL01$h1014
=CAT  \\$aBATCH-SURR$b00$c20130327$lBLL01$h1511
=CAT  \\$aW1711-1225$c20171203$lBLL01$h1044
=FIN  \\$aY$d20130327
=FMT  \\$a  BK
=LAS  \\$aW1711-1225$b00$c20171203$lBLL01$h1044
=SRC  \\$aNETCAT$be2262.mrc.20130327
=STA  \\$aSUPPRESSED$bunable to determine reason for suppression

