=LDR  01769 am a2200445 a 4500
=001  015867667
=003  Uk
=005  20110901145651.0
=006  m\\\\|\\\d\|\\\\\\
=007  cr||||||||||||
=008  110815s2011\\\\enka\\\\o\\\\|000\0\eng\\
=015  \\$aGBB1A4056$2bnb
=040  \\$aUk$beng$cUk
=042  \\$aukblsr
=082  04$a352.80941$223
=245  00$aImpact assessment guidance$h[electronic resource] :$bwhen to do an impact assessment.
=260  \\$aLondon :$bDept. for Business, Innovation and Skills,$c2011.
=300  \\$a1 online resource (22 p.) :$bcol. ill.
=336  \\$atext$2rdacontent
=337  \\$acomputer$2rdamedia
=338  \\$aonline resource$2rdacarrier
=500  \\$aTitle from PDF cover (viewed on Sept.1, 2011).
=500  \\$aPublisher's no: URN 11/1111.
=500  \\$a"August 2011." - cover.
=650  \0$aGovernment policy$xEvaluation$vHandbooks, manuals, etc.
=650  \0$aAdministrative procedure$zGreat Britain$xEvaluation$vHandbooks, manuals, etc.
=650  \0$aCost effectiveness$xGovernment policy$zGreat Britain.
=690  7\$aManagement and Business Studies$2blcoll
=710  1\$aGreat Britain.$bDepartment for Business, Innovation and Skills.
=856  40$ahttp://www.bis.gov.uk/assets/biscore/better-regulation/docs/i/11-1111-impact-assessment-guidance
=CAT  \\$a10983$b40$c20110815$lBLL01$h1321
=CAT  \\$a10983$b40$c20110815$lBLL01$h1322
=CAT  \\$a8141$b40$c20110901$lBLL01$h1456
=CAT  \\$aBATCH-UPD$b40$c20130411$lBLL01$h1647
=CAT  \\$aBATCH-UPD$b40$c20141226$lBLL01$h2128
=CAT  \\$aW1711-1225$c20171203$lBLL01$h1044
=FIN  \\$aY$d20110901
=FMT  \\$a  BK
=LAS  \\$aW1711-1225$b00$c20171203$lBLL01$h1044
=STA  \\$aSUPPRESSED$bunable to determine reason for suppression

