=LDR  01380 am a2200385 a 4500
=001  015872464
=003  Uk
=005  20121112085923.0
=006  m\\\\||\\d\|\\\\\\
=007  cr\|||||||||||
=008  110822s2010\\\\enk||||\o\\\\o00|\0\eng\\
=015  \\$aGBB2B3604$2bnb
=020  \\$z9781849112017
=040  \\$aUk$beng$cUk
=042  \\$aukblsr
=082  04$a363.7280941$223
=245  00$aExposure assessment of landfill sites.$nVolume 1,$pMain report$h[electronic resource].
=260  \\$aBristol :$bEnvironment Agency,$c2010.
=300  \\$a1 online resource (ix, 156 p.)
=336  \\$atext$2rdacontent
=337  \\$acomputer$2rdamedia
=338  \\$aonline resource$2rdacarrier
=500  \\$a"Report : P1-396/R."
=588  \\$aDescription based on online resource; title from PDF title page (viewed on Nov. 12, 2012).
=650  \0$aWaste disposal sites$xRisk assessment.
=710  1\$aGreat Britain.$bEnvironment Agency.
=856  40$ahttp://publications.environment-agency.gov.uk/dispay.php?name=SCHO0910BTAU-E-E
=CAT  \\$a10983$b40$c20110822$lBLL01$h0928
=CAT  \\$a10983$b40$c20110822$lBLL01$h0931
=CAT  \\$a11281$b40$c20121112$lBLL01$h0859
=CAT  \\$aW1711-1225$c20171203$lBLL01$h1044
=FIN  \\$aY$d20121112
=FMT  \\$a  BK
=LAS  \\$aW1711-1225$b00$c20171203$lBLL01$h1044
=STA  \\$aSUPPRESSED$bunable to determine reason for suppression

