=LDR  01848 am a2200517 a 4500
=001  015873014
=003  Uk
=005  20131029103234.0
=006  m\\\\|\\\d\|\\\\\\
=007  cr\|||||||||||
=008  120816s2011\\\\stka\\\\o\\\\o000\0\eng\d
=015  \\$aGBB331728$2bnb
=020  \\$z9781780453156
=040  \\$aIiNdDKA$beng$cIiNdDKA
=042  \\$aukblsr
=043  \\$ae-uk-st
=082  04$a491.63$223
=100  1\$aWest, Catriona.
=245  10$aAttitudes towards the Gaelic language$h[electronic resource] /$cCatriona West, Alastair Graham.
=260  \\$aEdinburgh :$bScottish Government Social Research,$c2011.
=300  \\$a1 online resource (73 p.) :$bcol. ill.
=336  \\$atext$2rdacontent
=337  \\$acomputer$2rdamedia
=338  \\$aonline resource$2rdacarrier
=490  0\$aArts and culture
=490  0\$aSocial Research series,$xISSN 2045-6964
=500  \\$aTitle from PDF title page (viewed on Aug. 16, 2012).
=500  \\$a"DPPAS11892 (07/11)"--Back cover.
=650  \0$aScottish Gaelic language$xSocial aspects.
=650  \0$aSociolinguistics$zScotland.
=650  \0$aLanguage and culture$zScotland.
=650  \0$aScottish Gaelic language$xRevival.
=700  1\$aGraham, Alastair$c(Market research consultant)
=710  1\$aScotland.$bSocial Research.
=856  40$ahttp://www.scotland.gov.uk/Resource/Doc/355445/0120038.pdf
=985  \\$aNETCAT record
=CAT  \\$a10983$b40$c20110822$lBLL01$h1506
=CAT  \\$a10983$b40$c20110822$lBLL01$h1507
=CAT  \\$aBATCH-SURR$b00$c20130327$lBLL01$h1511
=CAT  \\$a7332$b40$c20131029$lBLL01$h1032
=CAT  \\$aW1711-1225$c20171203$lBLL01$h1044
=FIN  \\$aY$d20130327
=FMT  \\$a  BK
=LAS  \\$aW1711-1225$b00$c20171203$lBLL01$h1044
=SRC  \\$aNETCAT$be2262.mrc.20130327
=STA  \\$aSUPPRESSED$bunable to determine reason for suppression

