=LDR  01846 am a2200493 a 4500
=001  015873345
=003  Uk
=005  20160920141221.0
=006  m\\\\|\\\d\|\\\\\\
=007  cr\|||||||||||
=008  120911s2006\\\\enkab\\\ob\\\\000\0\eng\d
=015  \\$aGBB331828$2bnb
=040  \\$aIiNdDKA$beng$cIiNdDKA
=042  \\$aukblsr
=043  \\$ae-uk-en
=082  04$a307.12160942493$223
=245  00$aEconomic impact of the expansion of Brierley Hill/ Merry Hill$h[electronic resource] :$ba final report /$cBlack Country Consortium.
=260  \\$aAltrincham :$bRegeneris Consulting,$c2006.
=300  \\$a1 online resource (37 p.) :$bcol. ill., col. maps.
=336  \\$atext$2rdacontent
=337  \\$acomputer$2rdamedia
=338  \\$aonline resource$2rdacarrier
=500  \\$aTitle from PDF cover (viewed on Sept. 11, 2012).
=500  \\$a"April 2006."
=504  \\$aIncludes bibliographical references (p. 37).
=650  \0$aCity planning$xEconomic aspects$zEngland$zDudley.
=650  \0$aEconomic development$zEngland$zDudley.
=650  \0$aShopping centers$zEngland$zDudley.
=651  \0$aBrierley Hill (Dudley, England)
=710  2\$aBlack Country Consortium Ltd.
=710  2\$aRegeneris Consulting Ltd.
=856  40$ahttp://www.the-blackcountry.com/images/Study/brierley%20hill%20merry%20hill.pdf
=985  \\$aNETCAT record
=CAT  \\$a10983$b40$c20110823$lBLL01$h0958
=CAT  \\$a10983$b40$c20110823$lBLL01$h1114
=CAT  \\$aBATCH-SURR$b00$c20130327$lBLL01$h1511
=CAT  \\$a7332$b40$c20131029$lBLL01$h0851
=CAT  \\$a8871$b40$c20160920$lBLL01$h1412
=CAT  \\$aW1711-1225$c20171203$lBLL01$h1044
=FIN  \\$aY$d20130327
=FMT  \\$a  BK
=LAS  \\$aW1711-1225$b00$c20171203$lBLL01$h1044
=SRC  \\$aNETCAT$be2262.mrc.20130327
=STA  \\$aSUPPRESSED$bunable to determine reason for suppression

