=LDR  01810 am a2200469 a 4500
=001  015873669
=003  Uk
=005  20130327151314.0
=006  m\\\\|\\\d\|\\\\\\
=007  cr\|||||||||||
=008  120903s2007\\\\enk\\\\\o\\\\o000\0\eng\d
=015  \\$aGBB331942$2bnb
=040  \\$aIiNdDKA$beng$cIiNdDKA
=042  \\$aukblsr
=043  \\$ae-uk-en
=082  04$a365.60942556$223
=100  10$aShaw, Stephen,$d1953-
=245  10$aInvestigation into the circumstances surrounding the death of a man at HMP Rye Hill in April 2005$h[electronic resource] :$breport /$cby the Prisons and Probation Ombudsman for England and Wales [i.e. Stephen Shaw].
=260  \\$a[London] :$bPrisons and Probation Ombudsman for England and Wales,$c2007.
=300  \\$a1 online resource (19 p.)
=336  \\$atext$2rdacontent
=337  \\$acomputer$2rdamedia
=338  \\$aonline resource$2rdacarrier
=500  \\$aTitle from PDF title page (viewed on Sept. 3, 2012).
=500  \\$a"May 2007."
=610  20$aHMP Rye Hill.
=650  \0$aPrisoners$zEngland$zBarby$xDeath$vCase studies.
=650  \0$aDeath$zEngland$zBarby$xCauses$vCase studies.
=650  \0$aMurder$zEngland$zBarby.
=710  2\$aPrisons and Probation Ombudsman for England and Wales.
=856  40$ahttp://www.ppo.gov.uk/docs/004-05-Death-of-a-male-prisoner.pdf
=985  \\$aNETCAT record
=CAT  \\$a10983$b40$c20110823$lBLL01$h1439
=CAT  \\$a10983$b40$c20110823$lBLL01$h1442
=CAT  \\$aBATCH-SURR$b00$c20130327$lBLL01$h1511
=CAT  \\$aBATCH-UPD$b00$c20150509$lBLL01$h1718
=CAT  \\$aW1711-1225$c20171203$lBLL01$h1044
=FIN  \\$aY$d20130327
=FMT  \\$a  BK
=LAS  \\$aW1711-1225$b00$c20171203$lBLL01$h1044
=SRC  \\$aNETCAT$be2262.mrc.20130327
=STA  \\$aSUPPRESSED$bunable to determine reason for suppression

