=LDR  01778 am a2200445 a 4500
=001  015876051
=003  Uk
=005  20130327151321.0
=006  m\\\\|\\\d\|\\\\\\
=007  cr\|||||||||||
=008  121005s2010\\\\enk\\\\\ob\\\\000\0\eng\d
=015  \\$aGBB332111$2bnb
=040  \\$aIiNdDKA$beng$cIiNdDKA
=042  \\$aukblsr
=043  \\$af-sj---
=082  04$a323.09624$223
=245  00$aSudan$h[electronic resource] :$btime to change : a need to end continuing human rights violations : Amnesty International submission to the UN Universal Periodic Review, May 2011.
=246  13$aSudan :$bsubmission to the UN Universal Period Review 11th Session of the UPR Working Group, May 2011
=260  \\$a[London] :$bAmnesty International,$c2010.
=300  \\$a1 online resource (9, [1] p.)
=336  \\$atext$2rdacontent
=337  \\$acomputer$2rdamedia
=338  \\$aonline resource$2rdacarrier
=500  \\$aTitle from PDF cover (viewed on Oct. 5, 2012).
=500  \\$a"Index: AFR 54/034/2010"--P. 3.
=504  \\$aIncludes bibliographical references (p. 9).
=650  \0$aHuman rights$zSudan.
=710  2\$aUnited Nations Human Rights Council.$bUPR Working Group.
=710  2\$aAmnesty International.
=856  40$ahttp://www.amnesty.org/en/library/asset/AFR54/034/2010/en/85e1536a-96a4-4390-be42-b6ef72f3ce5c/afr540342010en.pdf
=985  \\$aNETCAT record
=CAT  \\$a10983$b40$c20110824$lBLL01$h1432
=CAT  \\$a10983$b40$c20110824$lBLL01$h1433
=CAT  \\$aBATCH-SURR$b00$c20130327$lBLL01$h1511
=CAT  \\$aW1711-1225$c20171203$lBLL01$h1044
=FIN  \\$aY$d20130327
=FMT  \\$a  BK
=LAS  \\$aW1711-1225$b00$c20171203$lBLL01$h1044
=SRC  \\$aNETCAT$be2262.mrc.20130327
=STA  \\$aSUPPRESSED$bunable to determine reason for suppression

