=LDR  01134 am a22003133a 4500
=001  015878646
=003  Uk
=005  20200417184434.0
=008  110830s\\\\\\\\\\\\\\\\\\\\\\\0\\\\eng\\
=245  \0$aMonitoring volatile organic compounds (VOCs).
=260  \\$aBristol :$bEnvironment Agency,$c2011.
=336  \\$atext$2rdacontent
=337  \\$aunmediated$2rdamedia
=338  \\$avolume$2rdacarrier
=490  \\$aMonitoring quick guide ;$v7
=500  \\$aRM-QG7
=500  \\$aVersion 4 - issued August 2011.
=856  \\$ahttp://publications.environment-agency.gov.uk/dispay.php?name=GEHO0811BUFD-E-E
=985  \\$aUpgraded by BSS-generated file for WR1910-0531
=CAT  \\$a10983$b40$c20110830$lBLL01$h1415
=CAT  \\$a10983$b40$c20110830$lBLL01$h1416
=CAT  \\$a10983$b40$c20110830$lBLL01$h1418
=CAT  \\$a10983$b40$c20110830$lBLL01$h1421
=CAT  \\$a10982$b40$c20111110$lBLL01$h1535
=CAT  \\$aW1711-1225$c20171203$lBLL01$h1045
=CAT  \\$aW1910-0531$b00$c20200417$lBLL01$h1844
=FMT  \\$a  BK
=LAS  \\$aW1910-0531$b00$c20200417$lBLL01$h1844
=STA  \\$aSUPPRESSED$bunable to determine reason for suppression

