=LDR  02020 am a2200541 a 4500
=001  015883722
=003  Uk
=005  20131029134059.0
=006  m\\\\|\\\d\|\\\\\\
=007  cr\|||||||||||
=008  121008s2011\\\\stk\\\\\ob\\\o000\0\eng\d
=015  \\$aGBB332129$2bnb
=020  \\$a9781780453569
=040  \\$aIiNdDKA$beng$cIiNdDKA
=042  \\$aukblsr
=043  \\$ae-uk-st
=082  04$a362.109411$223
=100  1\$aBoyd, Gregor.
=245  10$aVariations in the experiences of inpatients in Scotland$h[electronic resource] :$banalysis of the 2010 Scottish inpatient survey /$cGregor Boyd and Fiona Hodgkiss.
=260  \\$a[Edinburgh] :$bScottish Government Social Research,$c2011.
=300  \\$a1 online resource (45 p.).
=336  \\$atext$2rdacontent
=337  \\$acomputer$2rdamedia
=338  \\$aonline resource$2rdacarrier
=490  0\$aSocial Research series
=500  \\$aTitle from PDF title page (viewed on Oct. 8, 2012).
=500  \\$a"Better Together"--Cover.
=500  \\$a"DPPAS11952 (08/11)"--Back cover.
=504  \\$aIncludes bibliographical references (p. 45).
=650  \0$aNational health services$zScotland$vEvaluation.
=650  \0$aHospitals$xAdmission and discharge$zScotland$vEvaluation.
=650  \0$aHospital patients$zScotland$vEvaluation.
=650  \0$aMedical care$zScotland$vEvaluation.
=700  1\$aHodgkiss, Fiona.
=710  1\$aScotland.$bSocial Research.
=710  2\$aBetter Together (Programme)
=856  40$ahttp://www.scotland.gov.uk/Resource/Doc/356540/0120509.pdf
=985  \\$aNETCAT record
=CAT  \\$a10983$b40$c20110906$lBLL01$h0958
=CAT  \\$a10983$b40$c20110906$lBLL01$h1001
=CAT  \\$aBATCH-SURR$b00$c20130327$lBLL01$h1511
=CAT  \\$a7332$b40$c20131029$lBLL01$h1340
=CAT  \\$aW1711-1225$c20171203$lBLL01$h1045
=FIN  \\$aY$d20130327
=FMT  \\$a  BK
=LAS  \\$aW1711-1225$b00$c20171203$lBLL01$h1045
=SRC  \\$aNETCAT$be2262.mrc.20130327
=STA  \\$aSUPPRESSED$bunable to determine reason for suppression

