=LDR  01958 am a2200517 a 4500
=001  015886548
=003  Uk
=005  20130327151322.0
=006  m\\\\|\\\d\|\\\\\\
=007  cr\|||||||||||
=008  121009s2011\\\\enk\\\\\o\\\\o000\0\eng\d
=015  \\$aGBB332136$2bnb
=040  \\$aIiNdDKA$beng$cIiNdDKA
=042  \\$aukblsr
=043  \\$ae-uk---
=082  04$a331.13770941$223
=245  00$aUnsuccessful employment and support allowance claims$h[electronic resource] :$bqualitative research /$cby Helen Barnes ... [et al.].
=260  \\$aSheffield :$bDept. for Work and Pensions,$cc2011.
=300  \\$a1 online resource (4 p.).
=336  \\$atext$2rdacontent
=337  \\$acomputer$2rdamedia
=338  \\$aonline resource$2rdacarrier
=490  1\$aResearch summary
=500  \\$aTitle from PDF caption (viewed on Oct. 9, 2012).
=650  \0$aPeople with disabilities$xEmployment$zGreat Britain.
=650  \0$aPeople with disabilities$xServices for$zGreat Britain.
=650  \0$aUnemployed$xServices for$zGreat Britain.
=690  7\$aSocial Welfare$2blcoll
=700  1\$aBarnes, Helen.
=710  1\$aGreat Britain.$bDepartment for Work and Pensions.
=830  \0$aResearch summary (Great Britain. Department for Work and Pensions)
=856  40$ahttp://research.dwp.gov.uk/asd/asd5/summ2011-2012/762summ.pdf
=985  \\$aNETCAT record
=985  \\$aRecord amended for WR# 13/070
=CAT  \\$a10983$b40$c20110907$lBLL01$h1508
=CAT  \\$a10983$b40$c20110907$lBLL01$h1510
=CAT  \\$a10983$b40$c20110907$lBLL01$h1511
=CAT  \\$aBATCH-SURR$b00$c20130327$lBLL01$h1511
=CAT  \\$aWR13_070$b00$c20130504$lBLL01$h0334
=CAT  \\$aWR13_070C$c20130611$lBLL01$h1858
=CAT  \\$aW1711-1225$c20171203$lBLL01$h1045
=FIN  \\$aY$d20130327
=FMT  \\$a  BK
=LAS  \\$aW1711-1225$b00$c20171203$lBLL01$h1045
=SRC  \\$aNETCAT$be2262.mrc.20130327
=STA  \\$aSUPPRESSED$bunable to determine reason for suppression

