=LDR  02234 as a2200505 a 4500
=001  015889170
=003  Uk
=005  20110913171938.0
=006  m\\\\\\\\d\|\\\\\\
=007  cr||||||||||||
=008  110913d200u2007enk\x\p\s\\\\\0\\\a0eng\\
=040  \\$aUk$beng$cUk
=042  \\$aukblsr
=082  04$a361.65094105$223
=130  0\$aDigest of decisions (Online)
=245  10$aDigest of decisions$h[electronic resource].
=260  \\$a[Birmingham] :$bIndependent Review Service for the Social Fund
=310  \\$aIrregular
=336  \\$atext$2rdacontent
=337  \\$acomputer$2rdamedia
=338  \\$aonline resource$2rdacarrier
=362  0\$a-issue 37 (autumn 2007).
=515  \\$aNumbering of "The digest ..." jumps from issue 18 (summer 2002) to issue 23 (autumn 2002) to match numbering of main journal.
=538  \\$aMode of access: World Wide Web.
=538  \\$aSystem requirements: Adobe Acrobat Reader.
=538  \\$aThis publication was included as an insert in the print version.
=580  \\$aBeginning with issue 38 (spring 2010) absorbed by: Journal and the digest of decisions (Online).
=588  \\$aDescription based on: issue 11 (winter 1999); title from PDF cover (publisher's Web site, viewed Sept. 13, 2011).
=588  \\$aLatest issue consulted: Issue 37 (autumn 2007) (viewed Sept. 13, 2011).
=610  10$aGreat Britain.$bSocial Fund$vPeriodicals.
=650  \0$aPublic welfare$zGreat Britain$vPeriodicals.
=710  1\$aGreat Britain.$bIndependent Review Service for the Social Fund.
=785  14$tJournal and the digest of decisions (Online)
=856  40$ahttp://www.irs-review.org.uk/infocent/jourdig/jourdig.htm
=985  \\$aJust realised we have these issues in print, so no need to take these, but at least this record helps explain the complexity.
=CAT  \\$a3072$b40$c20110913$lBLL01$h1655
=CAT  \\$a3072$b40$c20110913$lBLL01$h1719
=CAT  \\$aBATCH-TCO$c20120117$lBLL01$h0040
=CAT  \\$aW1711-1225$c20171203$lBLL01$h1045
=FIN  \\$aY$d20110913
=FMT  \\$a  SE
=LAS  \\$aW1711-1225$b00$c20171203$lBLL01$h1045
=LET  \0$aDigest of decisions (Electronic)
=STA  \\$aSUPPRESSED$bunable to determine reason for suppression
=TCO  \\$aCLA$bCLA$c008

