=LDR  01751 am a2200469 a 4500
=001  015900563
=003  Uk
=005  20130715154850.0
=006  m\\\\|\\\d\|\\\\\\
=007  cr\|||||||||||
=008  120822s2010\\\\enk\\\\\ob\\\\000\0\eng\d
=015  \\$aGBB331770$2bnb
=040  \\$aIiNdDKA$beng$cIiNdDKA
=042  \\$aukblsr
=043  \\$ae-uk---
=082  04$a331.10941$223
=100  1\$aAshby, Katherine.
=245  10$aAt work and on a low income$h[electronic resource] :$ba qualitative study of employees' experiences /$cprepared for Turn2us, part of the charity Elizabeth Finn Care ; Katherine Ashby.
=260  \\$aLondon :$bWork Foundation,$c2010.
=300  \\$a1 online resource (70 p.)
=336  \\$atext$2rdacontent
=337  \\$acomputer$2rdamedia
=338  \\$aonline resource$2rdacarrier
=500  \\$aTitle from PDF cover (viewed on Aug. 22, 2012).
=504  \\$aIncludes bibliographical references.
=650  \0$aEmployees$zGreat Britain$xEconomic conditions$vCase studies.
=650  \0$aWages$zGreat Britain.
=690  7\$aManagement and Business Studies$2blcoll
=710  2\$aTurn2us (Organization)
=710  2\$aWork Foundation.
=856  40$ahttp://www.theworkfoundation.com/assets/docs/publications/280_atwork_lowincome151110b.pdf
=985  \\$aNETCAT record
=CAT  \\$a10983$b40$c20110928$lBLL01$h1054
=CAT  \\$a10983$b40$c20110928$lBLL01$h1055
=CAT  \\$aBATCH-SURR$b00$c20130327$lBLL01$h1511
=CAT  \\$a11306$b40$c20130715$lBLL01$h1548
=CAT  \\$aW1711-1225$c20171203$lBLL01$h1045
=FIN  \\$aY$d20130327
=FMT  \\$a  BK
=LAS  \\$aW1711-1225$b00$c20171203$lBLL01$h1045
=SRC  \\$aNETCAT$be2262.mrc.20130327
=STA  \\$aSUPPRESSED$bunable to determine reason for suppression

