=LDR  02075 am a2200505 a 4500
=001  015905683
=003  Uk
=005  20130327151340.0
=006  m\\\\|\\\d\|\\\\\\
=007  cr\|||||||||||
=008  120926s2010\\\\enk\\\\\ob\\\o000\0\eng\d
=015  \\$aGBB332617$2bnb
=020  \\$z9781840993882
=040  \\$aIiNdDKA$beng$cIiNdDKA
=042  \\$aukblsr
=043  \\$ae-uk---
=082  04$a364.1530941$222
=245  00$aRestriction and rehabilitation$h[electronic resource] :$bgetting the right mix : an inspection of the management of sexual offenders in the community : thematic inspection report /$c[a joint inspection by HMI Probation and HMI Constabulary].
=260  \\$a[London] :$bCriminal Justice Joint Inspection,$c2010.
=300  \\$a1 online resource (58 p.)
=336  \\$atext$2rdacontent
=337  \\$acomputer$2rdamedia
=338  \\$aonline resource$2rdacarrier
=500  \\$aTitle from PDF title page (viewed on Sept. 26, 2012).
=500  \\$a"June 2010"--Cover.
=504  \\$aIncludes bibliographical references (p. 58).
=650  \0$aSex offenders$xDeinstitutionalization$zGreat Britain.
=650  \0$aSex offenders$xRehabilitation$zGreat Britain.
=650  \0$aProbation$zGreat Britain.
=650  \0$aSex crimes$zGreat Britain$xPrevention.
=690  7\$aSocial Welfare$2blcoll
=710  1\$aGreat Britain.$bHM Inspectorate of Probation.
=710  1\$aGreat Britain.$bHer Majesty's Inspectorate of Constabulary.
=710  1\$aGreat Britain.$bCriminal Justice Joint Inspection.
=856  40$ahttp://www.justice.gov.uk/downloads/publications/inspectorate-reports/hmiprob/Sex_Offenders_Report-rps.pdf
=985  \\$aNETCAT record
=CAT  \\$a10983$b40$c20111006$lBLL01$h1409
=CAT  \\$a10983$b40$c20111006$lBLL01$h1412
=CAT  \\$aBATCH-SURR$b00$c20130327$lBLL01$h1511
=CAT  \\$aW1711-1225$c20171203$lBLL01$h1045
=FIN  \\$aY$d20130327
=FMT  \\$a  BK
=LAS  \\$aW1711-1225$b00$c20171203$lBLL01$h1045
=SRC  \\$aNETCAT$be2262.mrc.20130327
=STA  \\$aSUPPRESSED$bunable to determine reason for suppression

