=LDR  01373 am a2200397 a 4500
=001  015963707
=003  Uk
=005  20120719075922.0
=006  m\\\\|\\\d\|\\\\\\
=007  cr\|||||||||||
=008  111108s2011\\\\enk||||\o\\\\\00|\0\eng\\
=015  \\$aGBB271327$2bnb
=040  \\$aUk$beng$cUk
=042  \\$aukblsr
=082  04$a363.50941$223
=245  00$aLords 2nd reading of the localism bill$h[electronic resource].
=260  \\$aLondon :$bCrisis,$c2011.
=300  \\$a1 online resource (3 p.).
=336  \\$atext$2rdacontent
=337  \\$acomputer$2rdamedia
=338  \\$aonline resource$2rdacarrier
=490  0\$aCrisis briefing
=500  \\$aTitle from Word title page (viewed on Jul. 19, 2012).
=650  \0$aHousing policy$zGreat Britain.
=690  7\$aSocial Welfare$2blcoll
=710  2\$aCRISIS.
=856  40$ahttp://www.crisis.org.uk/data/files/publications/Crisis%20briefing%20for%20the%20Lords%202nd%20reading%20of%20the%20Localism%20Bill.doc
=CAT  \\$a10958$b40$c20111108$lBLL01$h1414
=CAT  \\$a10958$b40$c20111108$lBLL01$h1415
=CAT  \\$a11281$b40$c20120719$lBLL01$h0758
=CAT  \\$a11281$b40$c20120719$lBLL01$h0759
=CAT  \\$aW1711-1225$c20171203$lBLL01$h1045
=FIN  \\$aY$d20120719
=FMT  \\$a  BK
=LAS  \\$aW1711-1225$b00$c20171203$lBLL01$h1045
=STA  \\$aSUPPRESSED$bunable to determine reason for suppression

