=LDR  01794 am a2200469 a 4500
=001  015967036
=003  Uk
=005  20130327151329.0
=006  m\\\\|\\\d\|\\\\\\
=007  cr\|||||||||||
=008  120924s2011\\\\enka\\\\ob\\\o000\0\eng\d
=015  \\$aGBB332347$2bnb
=020  \\$z9781849875837
=040  \\$aIiNdDKA$beng$cIiNdDKA
=042  \\$aukblsr
=043  \\$ae-uk---
=082  04$a331.5440941$223
=110  1\$aGreat Britain.$bMigration Advisory Committee.
=245  10$aAnalysis of the points based system$h[electronic resource] :$bsettlement rights of migrants in tier 1 and tier 2 /$cMigration Advisory Committee.
=260  \\$aLondon :$bMigration Advisory Committee,$c2011.
=300  \\$a1 online resource (114 p.) :$bcol. ill.
=336  \\$atext$2rdacontent
=337  \\$acomputer$2rdamedia
=338  \\$aonline resource$2rdacarrier
=490  0\$aMigration Advisory Committee report
=500  \\$aTitle from PDF title page (viewed on Sept. 24, 2012).
=500  \\$a"November 2011."
=504  \\$aIncludes bibliographical references (p. 113-114).
=650  \0$aMigrant labor$zGreat Britain.
=650  \0$aLabor supply$zGreat Britain.
=650  \0$aForeign workers$zGreat Britain.
=651  \0$aGreat Britain$xEmigration and immigration$xGovernment policy.
=856  40$ahttp://www.ukba.homeoffice.gov.uk/sitecontent/documents/aboutus/workingwithus/mac/mac-settlement-report
=985  \\$aNETCAT record
=CAT  \\$a10983$b40$c20111111$lBLL01$h1015
=CAT  \\$aBATCH-SURR$b00$c20130327$lBLL01$h1511
=CAT  \\$aW1711-1225$c20171203$lBLL01$h1045
=FIN  \\$aY$d20130327
=FMT  \\$a  BK
=LAS  \\$aW1711-1225$b00$c20171203$lBLL01$h1045
=SRC  \\$aNETCAT$be2262.mrc.20130327
=STA  \\$aSUPPRESSED$bunable to determine reason for suppression

