=LDR  02311 am a2200577 a 4500
=001  015967144
=003  Uk
=005  20130327151410.0
=006  m\\\\|\\\d\|\\\\\\
=007  cr\|||||||||||
=008  121206s2010\\\\enka\\\\obs\\o000\0\eng\d
=015  \\$aGBB333392$2bnb
=020  \\$z9781847756404
=040  \\$aIiNdDKA$beng$cIiNdDKA
=042  \\$aukblsr
=043  \\$ae-uk---
=082  04$a361.320941$223
=245  00$aSocial workers' workload survey$h[electronic resource] :$bmessages from the frontline : findings from the 2009 survey and interviews with senior managers /$cMary Baginsky ... [et al.].
=260  \\$a[London :$bDept. for Children, Schools and Families],$c2010.
=300  \\$a1 online resource (iii, 177 p.) :$bill. (1 col.)
=336  \\$atext$2rdacontent
=337  \\$acomputer$2rdamedia
=338  \\$aonline resource$2rdacarrier
=500  \\$aTitle from PDF title page (viewed on Dec. 6, 2012).
=500  \\$a"March 2010."
=500  \\$a"Social Work Task Force"--Cover.
=504  \\$aIncludes bibliographical references (p. 140-147).
=650  \0$aChild welfare workers$xWorkload$zGreat Britain$vStatistics.
=650  \0$aChild welfare workers$xWorkload$zGreat Britain.
=650  \0$aSocial workers$xWorkload$zGreat Britain$vStatistics.
=650  \0$aSocial workers$xWorkload$zGreat Britain.
=690  7\$aSocial Welfare$2blcoll
=700  1\$aBaginsky, Mary.
=710  1\$aGreat Britain.$bDepartment for Children, Schools and Families.
=710  1\$aGreat Britain.$bSocial Work Task Force.
=856  40$ahttp://www.dcsf.gov.uk/swtf/downloads/SWTF%20Workload%20Survey%20%28final%29.pdf
=985  \\$aNETCAT record
=985  \\$aRecord amended for WR# 13/070
=CAT  \\$a10983$b40$c20111111$lBLL01$h1149
=CAT  \\$a10983$b40$c20111111$lBLL01$h1204
=CAT  \\$a10983$b40$c20111111$lBLL01$h1208
=CAT  \\$a10983$b40$c20111111$lBLL01$h1209
=CAT  \\$aBATCH-SURR$b00$c20130327$lBLL01$h1511
=CAT  \\$aWR13_070$b00$c20130504$lBLL01$h0335
=CAT  \\$aWR13_070C$c20130611$lBLL01$h1858
=CAT  \\$aW1711-1225$c20171203$lBLL01$h1045
=FIN  \\$aY$d20130327
=FMT  \\$a  BK
=LAS  \\$aW1711-1225$b00$c20171203$lBLL01$h1045
=SRC  \\$aNETCAT$be2262.mrc.20130327
=STA  \\$aSUPPRESSED$bunable to determine reason for suppression

