=LDR  01868 am a2200529 a 4500
=001  015977612
=003  Uk
=005  20161011164425.0
=006  m\\\\|\\\d\|\\\\\\
=007  cr\|||||||||||
=008  121016s2006\\\\enka\\\\ob\\\o000\0\eng\d
=015  \\$aGBB332530$2bnb
=020  \\$z9780113225286
=020  \\$z0113225288
=040  \\$aIiNdDKA$beng$cIiNdDKA
=042  \\$aukblsr
=082  04$a614.47$223
=245  00$aImmunisation against infectious disease$h[electronic resource] /$cedited by David Salisbury, Mary Ramsay and Karen Noakes.
=250  \\$a3rd ed.
=260  \\$aNorwich :$bTSO,$c2006.
=300  \\$a1 online resource (viii, 454 p.) :$bill. (chiefly col.)
=336  \\$atext$2rdacontent
=337  \\$acomputer$2rdamedia
=338  \\$aonline resource$2rdacarrier
=500  \\$aTitle from PDF title page (viewed on Oct. 16, 2012).
=504  \\$aIncludes bibliographical references.
=650  \0$aVaccination.
=650  \0$aCommunicable diseases.
=690  7\$aSocial Welfare$2blcoll
=700  1\$aSalisbury, David$q(David M.).
=700  1\$aRamsay, Mary,$cDr.
=700  1\$aNoakes, Karen.
=710  2\$aStationery Office (Great Britain)
=856  40$ahttp://www.dh.gov.uk/prod_consum_dh/groups/dh_digitalassets/documents/digitalasset/dh_131000.pdf
=985  \\$aNETCAT record
=CAT  \\$a10983$b40$c20111129$lBLL01$h0839
=CAT  \\$a10983$b40$c20111129$lBLL01$h0840
=CAT  \\$a10983$b40$c20111129$lBLL01$h0842
=CAT  \\$aBATCH-SURR$b00$c20130327$lBLL01$h1511
=CAT  \\$a9572$b40$c20161011$lBLL01$h1644
=CAT  \\$aBATCH-UPD$b40$c20170614$lBLL01$h1611
=CAT  \\$aW1711-1225$c20171203$lBLL01$h1046
=FIN  \\$aY$d20130327
=FMT  \\$a  BK
=LAS  \\$aW1711-1225$b00$c20171203$lBLL01$h1046
=SRC  \\$aNETCAT$be2262.mrc.20130327
=STA  \\$aSUPPRESSED$bunable to determine reason for suppression

