=LDR  01898 am a2200493 a 4500
=001  015980774
=003  Uk
=005  20130327151221.0
=006  m\\\\|\\\d\|\\\\\\
=007  cr\|||||||||||
=008  120630s2010\\\\enka\\\\o\\\\o000\0\eng\d
=015  \\$aGBB330689$2bnb
=040  \\$aIiNdDKA$beng$cIiNdDKA
=042  \\$aukblsr
=043  \\$ae-uk---
=082  04$a636.592$223
=245  00$aUK guide to the National Control Programme for salmonella in turkey flocks$h[electronic resource].
=260  \\$aLondon :$bDept. for Environment, Food and Rural Affairs,$c2010.
=300  \\$a1 online resource (25 p.) :$bcol. ill.
=336  \\$atext$2rdacontent
=337  \\$acomputer$2rdamedia
=338  \\$aonline resource$2rdacarrier
=500  \\$aTitle from PDF cover (viewed on June 30, 2012).
=500  \\$a"March 2010."
=500  \\$a"PB13380"--Back cover.
=650  \0$aSalmonella infections in poultry$zGreat Britain$xControl.
=650  \0$aSalmonella infections in poultry$zGreat Britain$xPrevention.
=650  \0$aTurkeys$xDiseases$zGreat Britain$xPrevention.
=710  1\$aGreat Britain.$bDepartment for Environment, Food & Rural Affairs.
=856  40$ahttp://archive.defra.gov.uk/foodfarm/farmanimal/diseases/atoz/zoonoses/documents/ncp-uk-guidance.pdf
=985  \\$aNETCAT record
=985  \\$aRecord amended for WR# 13/070
=CAT  \\$a10958$b40$c20111201$lBLL01$h1101
=CAT  \\$a10958$b40$c20111201$lBLL01$h1103
=CAT  \\$a6537$b40$c20120127$lBLL01$h1217
=CAT  \\$aBATCH-SURR$b00$c20130327$lBLL01$h1510
=CAT  \\$aWR13_070$b00$c20130504$lBLL01$h0336
=CAT  \\$aWR13_070C$c20130611$lBLL01$h1858
=CAT  \\$aW1711-1225$c20171203$lBLL01$h1046
=FIN  \\$aY$d20130327
=FMT  \\$a  BK
=LAS  \\$aW1711-1225$b00$c20171203$lBLL01$h1046
=SRC  \\$aNETCAT$be2262.mrc.20130327
=STA  \\$aSUPPRESSED$bunable to determine reason for suppression

