=LDR  02930 am a2200649 a 4500
=001  015987624
=003  Uk
=005  20130926131346.0
=006  m\\\\|\\\d\|\\\\\\
=007  cr\|||||||||||
=008  120928s2011\\\\enka\\\\ob\\\o000\0\eng\d
=015  \\$aGBB332638$2bnb
=020  \\$z9781849112253
=040  \\$aIiNdDKA$beng$cIiNdDKA
=042  \\$aukblsr
=043  \\$ae-uk---
=082  04$a627.40941$223
=100  1\$aOgunyoye, Fola.
=245  10$aDelivering benefits through evidence$h[electronic resource] :$btemporary and demountable flood protection guide /$c[authors, Fola Ogunyoye, Richard Stevens, Scott Underwood].
=246  13$aTemporary and demountable flood products
=260  \\$aBristol :$bEnvironmental Agency,$cc2011.
=300  \\$a1 online resource (282 p.) :$bill. (chiefly col.).
=336  \\$atext$2rdacontent
=337  \\$acomputer$2rdamedia
=338  \\$aonline resource$2rdacarrier
=490  1\$aProject ;$vSC080019
=500  \\$aTitle from PDF cover (viewed on Aug. 17, 2012).
=500  \\$aAt head of title: Department for Environment Food and Rural Affairs.
=500  \\$aAt foot of title: Flood and Coastal Erosion Risk Management Research and Development Programme.
=500  \\$a"Product code: SCHO0711BUAK-E-E"--Cover verso.
=504  \\$aIncludes bibliographical references (p. 96).
=650  \0$aFlood control$zGreat Britain$xEquipment and supplies.
=650  \0$aFlood control$zGreat Britain.
=650  \0$aFlood damage prevention$zGreat Britain.
=700  1\$aStevens, Richard$c(Coastal scientist)
=700  1\$aUnderwood, Scott$c(Flood defence technician)
=710  1\$aGreat Britain.$bDepartment for Environment, Food & Rural Affairs.
=710  1\$aGreat Britain.$bEnvironment Agency.
=710  2\$aDEFRA/Environment Agency Flood and Coastal Erosion Risk Management R&D Programme (Great Britain)
=830  \0$aProject (Great Britain. Environment Agency) ;$vSC080019.
=856  4\$ahttp://publications.environment-agency.gov.uk/dispay.php?name=SCHO0711BUAK-E-E
=985  \\$aNETCAT record
=985  \\$aRecord amended for WR# 13/070
=997  \\$a700, (River and coastal scientist) taken from: http://uk.linkedin.com/pub/richard-stevens/31/17/323 ; 700/1, (Internal process advisor) taken from: http://uk.linkedin.com/pub/scott-underwood/18/899/334.
=CAT  \\$a10983$b40$c20111207$lBLL01$h0816
=CAT  \\$a10983$b40$c20111207$lBLL01$h0818
=CAT  \\$a6537$b40$c20120127$lBLL01$h1219
=CAT  \\$aBATCH-SURR$b00$c20130327$lBLL01$h1511
=CAT  \\$aWR13_070$b00$c20130504$lBLL01$h0336
=CAT  \\$aWR13_070C$c20130611$lBLL01$h1858
=CAT  \\$a11306$b40$c20130926$lBLL01$h1313
=CAT  \\$aW1711-1225$c20171203$lBLL01$h1046
=FIN  \\$aY$d20130327
=FMT  \\$a  BK
=LAS  \\$aW1711-1225$b00$c20171203$lBLL01$h1046
=SRC  \\$aNETCAT$be2262.mrc.20130327
=STA  \\$aSUPPRESSED$bunable to determine reason for suppression

