=LDR  01793 am a2200469 a 4500
=001  015989512
=003  Uk
=005  20130327151333.0
=006  m\\\\|\\\d\|\\\\\\
=007  cr\|||||||||||
=008  121008s2012\\\\enkab\\\ob\\\o000\0\eng\d
=015  \\$aGBB332440$2bnb
=040  \\$aIiNdDKA$beng$cIiNdDKA
=042  \\$aukblsr
=043  \\$ae-uk-en
=082  04$a363.349360942813$223
=245  00$aFlood risk regulations 2009$h[electronic resource] :$bpreliminary assessment report for Kirklees.
=246  13$aKirklees preliminary flood risk assessment
=260  \\$a[Huddersfield :$bKirklees Council,$c2012?]
=300  \\$a1 online resource (15 p.) :$bcol. ill., col. maps.
=336  \\$atext$2rdacontent
=337  \\$acomputer$2rdamedia
=338  \\$aonline resource$2rdacarrier
=500  \\$aTitle from PDF title page (viewed on Oct. 8, 2012).
=504  \\$aIncludes bibliographical references (p. 14-15).
=650  \0$aFloods$xRisk assessment$zEngland$zKirklees.
=650  \0$aFlood forecasting$zEngland$zKirklees.
=650  \0$aFlood control$zEngland$zKirklees$xPlanning.
=650  \0$aFlood control$xGovernment policy$zEngland$zKirklees.
=710  1\$aKirklees (England).$bMetropolitan Council.
=856  40$ahttp://publications.environment-agency.gov.uk/dispay.php?name=FLHO1211BVJD-E-X
=985  \\$aNETCAT record
=CAT  \\$a10983$b40$c20111212$lBLL01$h0918
=CAT  \\$a10983$b40$c20111212$lBLL01$h0921
=CAT  \\$a6537$b40$c20120127$lBLL01$h1220
=CAT  \\$aBATCH-SURR$b00$c20130327$lBLL01$h1511
=CAT  \\$aW1711-1225$c20171203$lBLL01$h1046
=FIN  \\$aY$d20130327
=FMT  \\$a  BK
=LAS  \\$aW1711-1225$b00$c20171203$lBLL01$h1046
=SRC  \\$aNETCAT$be2262.mrc.20130327
=STA  \\$aSUPPRESSED$bunable to determine reason for suppression

