=LDR  00984 am a22002533a 4500
=001  015989583
=003  Uk
=005  20200417184500.0
=008  111212s\\\\\\\\\\\\\\\\\\\\\\\0\\\\eng\\
=245  \2$aA longitudinal qualitative study of belief and identity :$bESRC end of award report.
=260  \\$aSwindon :$bEconomic & Social Research Council,$c2011.
=336  \\$atext$2rdacontent
=337  \\$aunmediated$2rdamedia
=338  \\$avolume$2rdacarrier
=500  \\$aRES-000-22-3562.
=856  4\$ahttp://www.esrc.ac.uk/my-esrc/grants/RES-000-22-3562/outputs/read/69d1ac60-9583-4206-98b3-ac6c9b82aa6e
=985  \\$aUpgraded by BSS-generated file for WR1910-0531
=CAT  \\$a10958$b40$c20111212$lBLL01$h1022
=CAT  \\$a10958$b40$c20111212$lBLL01$h1023
=CAT  \\$aW1711-1225$c20171203$lBLL01$h1046
=CAT  \\$aW1910-0531$b00$c20200417$lBLL01$h1845
=FMT  \\$a  BK
=LAS  \\$aW1910-0531$b00$c20200417$lBLL01$h1845
=STA  \\$aSUPPRESSED$bunable to determine reason for suppression

