=LDR  01018 am a22002533a 4500
=001  015989586
=003  Uk
=005  20200417184500.0
=008  111212s\\\\\\\\\\\\\\\\\\\\\\\0\\\\eng\\
=245  \0$aBetween subjectivity and practice - understanding male-to-male sexuality in West Bengal :$bESRC end of award report.
=260  \\$aSwindon :$bEconomic & Social Research Council,$c2011.
=336  \\$atext$2rdacontent
=337  \\$aunmediated$2rdamedia
=338  \\$avolume$2rdacarrier
=500  \\$aRES-061-25-0065.
=856  4\$ahttp://www.esrc.ac.uk/my-esrc/grants/RES-061-25-0065/outputs/read/80ccdb64-9c76-475f-83bb-4291de877a57
=985  \\$aUpgraded by BSS-generated file for WR1910-0531
=CAT  \\$a10958$b40$c20111212$lBLL01$h1026
=CAT  \\$a10958$b40$c20111212$lBLL01$h1028
=CAT  \\$aW1711-1225$c20171203$lBLL01$h1046
=CAT  \\$aW1910-0531$b00$c20200417$lBLL01$h1845
=FMT  \\$a  BK
=LAS  \\$aW1910-0531$b00$c20200417$lBLL01$h1845
=STA  \\$aSUPPRESSED$bunable to determine reason for suppression

