=LDR  01091 am a22002653a 4500
=001  015989642
=003  Uk
=005  20201017094359.0
=008  111212s\\\\\\\\\\\\\\\\\\\\\\\0\\\\eng\\
=245  \0$aModernising education in Pakistan :$bthe role of data : ESRC end of award report.
=260  \\$aSwindon :$bEconomic & Social Research Council,$c2011.
=336  \\$atext$2rdacontent
=337  \\$aunmediated$2rdamedia
=338  \\$avolume$2rdacarrier
=500  \\$aRES-067-27-0019.
=856  4\$ahttp://www.esrc.ac.uk/my-esrc/grants/RES-067-27-0019/outputs/read/911b0727-b2e9-4453-b98b-5e5228aa2b4b
=883  0\$aLanguage codes assigned by Bayesian analysis of words present in record$d20200826$qUk$c0.9919
=985  \\$aUpgraded by BSS-generated file for WR2009-0365
=CAT  \\$a10958$b40$c20111212$lBLL01$h1057
=CAT  \\$a10958$b40$c20111212$lBLL01$h1106
=CAT  \\$aW1711-1225$c20171203$lBLL01$h1046
=CAT  \\$aW2009-0365$b00$c20201017$lBLL01$h0943
=FMT  \\$a  BK
=LAS  \\$aW2009-0365$b00$c20201017$lBLL01$h0943
=STA  \\$aSUPPRESSED$bunable to determine reason for suppression

