=LDR  01708 am a2200457 a 4500
=001  016003376
=003  Uk
=005  20130327151244.0
=006  m\\\\|\\\d\|\\\\\\
=007  cr\|||||||||||
=008  120723s2011\\\\enk\\\\\ob\\\o000\0\eng\d
=FMT  \\$a  BK
=015  \\$aGBB331208$2bnb
=040  \\$aIiNdDKA$beng$cIiNdDKA
=042  \\$aukblsr
=082  04$a616.462061$223
=245  00$aHyperglycaemia in acute coronary syndromes$h[electronic resource] :$bcosting statement : implementing NICE guidance.
=260  \\$aLondon :$bNational Institute for Health and Clinical Excellence,$c2011.
=300  \\$a1 online resource (7 p.).
=336  \\$atext$2rdacontent
=337  \\$acomputer$2rdamedia
=338  \\$aonline resource$2rdacarrier
=490  0\$aNICE clinical guideline ;$v130
=500  \\$aTitle from PDF cover (viewed on July 23, 2012).
=500  \\$a"October 2011."
=504  \\$aIncludes bibliographical references (p. 7).
=650  \0$aHyperglycemia$xChemotherapy$xCosts.
=650  \0$aCoronary heart disease$xTreatment.
=650  \0$aInsulin$xTherapeutic use.
=710  2\$aNational Institute for Health and Clinical Excellence (Great Britain)
=856  40$ahttp://www.nice.org.uk/nicemedia/live/13589/56812/56812.pdf
=985  \\$aNETCAT record
=CAT  \\$a10958$b40$c20120109$lBLL01$h1148
=CAT  \\$a10958$b40$c20120109$lBLL01$h1300
=CAT  \\$a6537$b40$c20120127$lBLL01$h1221
=CAT  \\$aBATCH-SURR$b00$c20130327$lBLL01$h1510
=CAT  \\$aW1711-1225$c20171203$lBLL01$h1046
=FIN  \\$aY$d20130327
=SRC  \\$aNETCAT$be2262.mrc.20130327
=STA  \\$aSUPPRESSED$bunable to determine reason for suppression
=LAS  \\$aW1711-1225$b00$c20171203$lBLL01$h1046

