=LDR  01926 am a2200469 a 4500
=001  016006629
=003  Uk
=005  20130327151348.0
=006  m\\\\|\\\d\|\\\\\\
=007  cr\|||||||||||
=008  121112s2007\\\\enk\\\\\o\\\\o000\0\eng\d
=FMT  \\$a  BK
=015  \\$aGBB332846$2bnb
=040  \\$aIiNdDKA$beng$cIiNdDKA
=042  \\$aukblsr
=043  \\$ae-uk-en
=082  04$a365.6094278$223
=100  10$aShaw, Stephen,$d1953-
=245  10$aInvestigation into the circumstances surrounding the death of a resident at an approved premises in the Cumbria Probation Area in September 2006$h[electronic resource] :$breport /$cby the Prisons and Probation Ombudsman for England and Wales [i.e. Stephen Shaw].
=260  \\$a[London] :$bPrisons and Probation Ombudsman for England and Wales,$c2007.
=300  \\$a1 online resource (23 p.)
=336  \\$atext$2rdacontent
=337  \\$acomputer$2rdamedia
=338  \\$aonline resource$2rdacarrier
=500  \\$aTitle from PDF title page (viewed on Nov. 12, 2012).
=500  \\$a"June 2007."
=650  \0$aHalfway houses$zEngland$zCumbria$vCase studies.
=650  \0$aPrisoners$zEngland$zCumbria$xDeath$vCase studies.
=650  \0$aDeath$zEngland$zCumbria$xCauses$vCase studies.
=650  \0$aPrisoners$xDrug use$zEngland$zCumbria.
=710  2\$aPrisons and Probation Ombudsman for England and Wales.
=856  40$ahttp://ppo.gov.uk/docs/B078.06-Death-of-a-man-residen-in-approved-premises.pdf
=985  \\$aNETCAT record
=CAT  \\$a10983$b40$c20120112$lBLL01$h1311
=CAT  \\$a10983$b40$c20120112$lBLL01$h1312
=CAT  \\$aBATCH-SURR$b00$c20130327$lBLL01$h1511
=CAT  \\$aBATCH-UPD$b00$c20150509$lBLL01$h1856
=CAT  \\$aW1711-1225$c20171203$lBLL01$h1046
=FIN  \\$aY$d20130327
=SRC  \\$aNETCAT$be2262.mrc.20130327
=STA  \\$aSUPPRESSED$bunable to determine reason for suppression
=LAS  \\$aW1711-1225$b00$c20171203$lBLL01$h1046

