=LDR  01430 am a2200397 i 4500
=001  016006935
=003  Uk
=005  20141017075856.0
=006  m\\\\||\\d\|\\\\\\
=007  cr\|||||||||||
=008  120113s2012\\\\wlk\\\\\o\\\\|0|0\0|wel\\
=FMT  \\$a  BK
=015  \\$aGBB4B5301$2bnb
=040  \\$aUk$beng$cUk$erda
=042  \\$aukblsr
=082  04$a361.61409429$223
=110  1\$aWales.$bWelsh Government,$eauthor.
=245  12$aY sefyllfa bresennol yng Nghymru - pa anghydraddoldebau rydym am fynd i'r afael â nhw?
=260  \\$a[Cardiff] :$b[Welsh Government],$c[2012?]
=300  \\$a1 online resource (26 unnumbered pages)
=336  \\$atext$2rdacontent
=337  \\$acomputer$2rdamedia
=338  \\$aonline resource$2rdacarrier
=500  \\$aCaption title.
=500  \\$aAlso issued in English version: Wales as it stands: what are the inequalities we want to tackle?
=650  \0$aEquality$zWales.
=650  \0$aEquality$xGovernment policy$zWales.
=856  40$ahttp://wales.gov.uk/docs/dsjlg/research/111026statecy.doc
=CAT  \\$a10983$b40$c20120113$lBLL01$h1011
=CAT  \\$a10983$b40$c20120113$lBLL01$h1015
=CAT  \\$a6537$b40$c20120127$lBLL01$h1222
=CAT  \\$a8141$b40$c20141017$lBLL01$h0758
=CAT  \\$aW1711-1225$c20171203$lBLL01$h1046
=FIN  \\$aY$d20141017
=STA  \\$aSUPPRESSED$bunable to determine reason for suppression
=LAS  \\$aW1711-1225$b00$c20171203$lBLL01$h1046

