=LDR  01618 as a2200445 a 4500
=001  016014351
=003  Uk
=005  20151020133649.0
=006  m\\\\\\\\d\|\\\\\\
=007  cr||||||||||||
=008  120124d200u2009enkar\\\o\\\\o0\\\a0eng\\
=FMT  \\$a  SE
=015  \\$aGBB207711$2bnb
=040  \\$aUk$beng$cUk
=042  \\$aukblsr
=082  04$a363.7280942$223
=245  00$aWaste strategy annual progress report$h[electronic resource].
=246  30$aWaste strategy
=260  \\$aLondon :$bDefra
=310  \\$aAnnual
=336  \\$atext$2rdacontent
=337  \\$acomputer$2rdamedia
=338  \\$aonline resource$2rdacarrier
=538  \\$aMode of access: World Wide Web.
=538  \\$aSystem requirements: Adobe Acrobat Reader.
=588  \\$aDescription based on: 2008/09 issue; title from PDF caption (publisher's Web site, viewed Jan. 25, 2012).
=650  \0$aRecycling (Waste, etc.)$zEngland$vPeriodicals.
=650  \0$aRefuse and refuse disposal$zEngland$zPeriodicals.
=710  1\$aGreat Britain.$bDepartment for Environment, Food & Rural Affairs.
=856  4\$thttp://www.defra.gov.uk/$zTo search
=985  \\$aRecord amended for WR# 13/070
=CAT  \\$a5997$b40$c20120124$lBLL01$h1540
=CAT  \\$a5997$b40$c20120125$lBLL01$h0726
=CAT  \\$aWR13_070$b00$c20130504$lBLL01$h0336
=CAT  \\$a6550$b40$c20151020$lBLL01$h1336
=CAT  \\$aW1711-1225$c20171203$lBLL01$h1046
=FIN  \\$aY$d20120125
=LET  \0$aWaste strategy annual progress report (Electronic)
=STA  \\$aSUPPRESSED$bunable to determine reason for suppression
=LAS  \\$aW1711-1225$b00$c20171203$lBLL01$h1046

