=LDR  02009 am a2200529 a 4500
=001  016037966
=003  Uk
=005  20130327151425.0
=006  m\\\\|\\\d\|\\\\\\
=007  cr\|||||||||||
=008  130102s2009\\\\enk\\\\\o\\\\o000\0\eng\d
=FMT  \\$a  BK
=015  \\$aGBB333704$2bnb
=020  \\$z9781847754127
=040  \\$aIiNdDKA$beng$cIiNdDKA
=042  \\$aukblsr
=043  \\$ae-uk-en
=082  04$a372.942$223
=245  00$aNational curriculum testing at Key Stage 2$h[electronic resource] :$bquantitative top line findings /$cIpsos MORI.
=260  \\$a[London] :$bDept. for Children, Schools and Families,$c2009.
=300  \\$a1 online resource (5 p.).
=336  \\$atext$2rdacontent
=337  \\$acomputer$2rdamedia
=338  \\$aonline resource$2rdacarrier
=490  1\$aResearch report ;$vno. DCSF-RR092
=500  \\$aTitle from PDF title page (viewed on Jan. 2, 2013).
=500  \\$a"April 2009."
=650  \0$aEducation, Primary$xCurricula$zEngland.
=650  \0$aEducational surveys$zEngland.
=650  \0$aEducational tests and measurements$zEngland.
=650  \0$aParents$zEngland$xAttitudes.
=710  1\$aGreat Britain.$bDepartment for Children, Schools and Families.
=710  2\$aIpsos MORI (Firm)
=856  40$ahttps://www.education.gov.uk/publications/eOrderingDownload/DCSF-RR092.pdf
=830  \0$aResearch report (Great Britain. Department for Children, Schools and Families) ;$vno. DCSF-RR092.
=985  \\$aNETCAT record
=985  \\$aRecord amended for WR# 13/070
=CAT  \\$a10902$b40$c20120227$lBLL01$h1520
=CAT  \\$a10902$b40$c20120227$lBLL01$h1536
=CAT  \\$aBATCH-SURR$b00$c20130327$lBLL01$h1511
=CAT  \\$aWR13_070$b00$c20130504$lBLL01$h0337
=CAT  \\$aWR13_070C$c20130611$lBLL01$h1858
=CAT  \\$aW1711-1225$c20171203$lBLL01$h1047
=FIN  \\$aY$d20130327
=SRC  \\$aNETCAT$be2262.mrc.20130327
=STA  \\$aSUPPRESSED$bunable to determine reason for suppression
=LAS  \\$aW1711-1225$b00$c20171203$lBLL01$h1047

