=LDR  01816 am a2200445 i 4500
=001  016058877
=003  Uk
=005  20141014163117.0
=006  m\\\\||\\d\|\\\\\\
=007  cr\|||||||||||
=008  131210s2008\\\\enka\\\\ob\\\o000\0\eng\d
=FMT  \\$a  BK
=015  \\$aGBB4B0646$2bnb
=040  \\$aIiNdDKA$beng$cIiNdDKA$erda
=042  \\$aukblsr
=043  \\$ae-uk---
=082  04$a507.1041$223
=110  1\$aGreat Britain.$bDepartment for Children, Schools and Families,$eauthor.
=245  10$aAfter school science and engineering clubs evaluation :$binterim report.
=264  \1$aLondon :$bDepartment for Children, Schools and Families,$cFebruary 2008.
=300  \\$a1 online resource (6 unnumbered pages) :$billustration (black and white).
=336  \\$atext$2rdacontent
=337  \\$acomputer$2rdamedia
=338  \\$aonline resource$2rdacarrier
=490  1\$aResearch brief ;$vDCSF-RBX-04-08
=504  \\$aIncludes bibliographical references.
=588  \\$aDescription based on online resource; title from PDF caption (viewed on December 10, 2013).
=650  \0$aScience$xStudy and teaching$zGreat Britain.
=650  \0$aEngineering$xStudy and teaching$zGreat Britain.
=650  \0$aAfter-school programs$zGreat Britain.
=856  40$ahttps://www.education.gov.uk/publications/eOrderingDownload/DCSF-RBX-04-08.pdf
=830  \0$aResearch brief (Great Britain. Department for Children, Schools and Families) ;$vDCSF-RBX-04-08.
=985  \\$aNETCAT record
=CAT  \\$a10902$b40$c20120328$lBLL01$h1425
=CAT  \\$aBATCH-SURR$b00$c20141014$lBLL01$h1629
=CAT  \\$aW1711-1225$c20171203$lBLL01$h1047
=FIN  \\$aY$d20141014
=SRC  \\$aNETCAT$bnetcatem.20141014
=STA  \\$aSUPPRESSED$bunable to determine reason for suppression
=LAS  \\$aW1711-1225$b00$c20171203$lBLL01$h1047

