=LDR  02398 am a2200589 a 4500
=001  016074447
=003  Uk
=005  20121002085924.0
=006  m\\\\||\\d\|\\\\\\
=007  cr\|||||||||||
=008  120426s2012\\\\enka\\\\o\\\\|0|0\0|eng\\
=FMT  \\$a  BK
=015  \\$aGBB298253$2bnb
=020  \\$z9781781050958
=040  \\$aUk$beng$cUk
=042  \\$aukblsr
=082  04$a371.260942$223
=100  1\$aKnowles, Emily.
=245  10$aPISA 2009$h[electronic resource] :$bhow does the social attainment gap in England compare with countries internationally? /$cEmily Knowles and Helen Evans.
=260  \\$a[London] :$bDepartment for Education,$c2012.
=300  \\$a1 online resource (18 p.) :$bcol. ill.
=336  \\$atext$2rdacontent
=337  \\$acomputer$2rdamedia
=338  \\$aonline resource$2rdacarrier
=490  1\$aResearch report ;$vDFE-RR206
=500  \\$a"April 2012."
=588  \\$aDescription based on online resource; title from PDF cover page (viewed on Oct. 1, 2012).
=690  7\$aSocial Welfare$2blcoll
=610  20$aProgramme for International Student Assessment.
=650  \0$aAcademic achievement$zEngland$vStatistics.
=650  \0$aAcademic achievement$zEngland$xStatistics.
=650  \0$aAcademic achievement$zOECD countries$vStatistics.
=650  \0$aAcademic achievement$zOECD countries$xStatistics.
=650  \0$aStudents$xEconomic conditions$zEngland.
=650  \0$aStudents$xEconomic conditions$zOECD countries.
=650  \0$aStudents$xSocial conditions$zEngland.
=650  \0$aStudents$xSocial conditions$zOECD countries.
=700  1\$aEvans, Helen$c(Researcher)
=710  1\$aGreat Britain.$bDepartment for Education.
=856  40$ahttps://consumption.education.gov.uk/publications/eOrderingDownload/DFE-RR206.pdf
=830  \0$aResearch report (Great Britain. Department for Education) ;$vDFE-RR206.
=985  \\$aRecord amended for WR# 13/070
=CAT  \\$a10983$b40$c20120426$lBLL01$h1133
=CAT  \\$a10983$b40$c20120501$lBLL01$h1202
=CAT  \\$a10983$b40$c20120501$lBLL01$h1205
=CAT  \\$a8141$b40$c20121001$lBLL01$h1516
=CAT  \\$a7332$b40$c20121002$lBLL01$h0859
=CAT  \\$aWR13_070$b00$c20130504$lBLL01$h0338
=CAT  \\$aW1711-1225$c20171203$lBLL01$h1048
=FIN  \\$aY$d20121001
=STA  \\$aSUPPRESSED$bunable to determine reason for suppression
=LAS  \\$aW1711-1225$b00$c20171203$lBLL01$h1048

