=LDR  02448 am a2200565 i 4500
=001  016120041
=003  Uk
=005  20130110135329.0
=006  m\\\\||\\d\|\\\\\\
=007  cr\|||||||||||
=008  120706s2012\\\\enka\\\\ob\\\|0|0\0|eng\\
=FMT  \\$a  BK
=015  \\$aGBB302447$2bnb
=040  \\$aUk$beng$cUk$erda
=042  \\$aukblsr
=082  04$a632$223
=100  1\$aNorton, Gareth,$eauthor.
=245  10$aArsenic speciation in fruit and vegetables grown in the UK /$cGareth Norton, Adrien Mestrot and Andy Meharg.
=264  \1$a[London] :$b[Food Standards Agency],$c[2012]
=300  \\$a1 online resource (75 pages) :$billustrations (black and white, colour)
=336  \\$atext$2rdacontent
=337  \\$acomputer$2rdamedia
=338  \\$aonline resource$2rdacarrier
=500  \\$aFood Standards Agency final report FS241003.
=500  \\$a"Date of report: 31/05/2012."
=504  \\$aIncludes bibliographical references.
=588  \\$aDescription based on online resource; title from PDF cover page (viewed on January 10, 2013).
=650  \0$aArsenic$xAnalysis.
=650  \0$aArsenic compounds$xAnalysis.
=650  \0$aSoils$xArsenic content$zEngland$zDevon$xAnalysis.
=650  \0$aSoils$xArsenic content$zEngland$zCornwall (County)$xAnalysis.
=650  \0$aSoils$xArsenic content$zScotland$zAberdeenshire$xAnalysis.
=650  \0$aVegetables$xContamination$zEngland$zDevon$xAnalysis.
=650  \0$aVegetables$xContamination$zEngland$zCornwall (County)$xAnalysis.
=650  \0$aVegetables$xContamination$zScotland$zAberdeenshire$xAnalysis.
=650  \0$aFruit$xContamination$zEngland$zDevon.
=650  \0$aFruit$xContamination$zEngland$zCornwall (County)$xAnalysis.
=650  \0$aFruit$xContamination$zScotland$zAberdeenshire$xAnalysis.
=700  1\$aMestrot, Adrien,$eauthor.
=700  1\$aMeharg, Andrew A.,$d1963-$eauthor.
=710  1\$aGreat Britain.$bFood Standards Agency,$epublisher.
=856  40$ahttp://www.foodbase.org.uk//admintools/reportdocuments/763-1-1308_Arsenic_report_310512_for_Foodbase_Publication.pdf
=985  \\$a100 & 700/0 = new headings.
=CAT  \\$a10983$b40$c20120706$lBLL01$h0942
=CAT  \\$a10983$b40$c20120706$lBLL01$h0946
=CAT  \\$a8141$b40$c20130110$lBLL01$h1353
=CAT  \\$aW1711-1225$c20171203$lBLL01$h1049
=FIN  \\$aY$d20130110
=STA  \\$aSUPPRESSED$bunable to determine reason for suppression
=LAS  \\$aW1711-1225$b00$c20171203$lBLL01$h1049

