=LDR  01532 am a2200421 i 4500
=001  016145471
=003  Uk
=005  20131112143739.0
=006  m\\\\||\\d\|\\\\\\
=007  cr\|||||||||||
=008  120810s2012\\\\enka\\\\o\\\\|0|0\0|eng\\
=FMT  \\$a  BK
=015  \\$aGBB3A3469$2bnb
=020  \\$z9781849878838
=040  \\$aUk$beng$cUk$erda
=042  \\$aukblsr
=082  04$a363.20941$223
=245  00$aPolicing in austerity.$pNorth Wales Police /$cHMIC.
=264  \1$a[London] :$bHMIC,$cJuly 2012.
=300  \\$a1 online resource (12 pages) :$b2 illustrations (colour)
=336  \\$atext$2rdacontent
=337  \\$acomputer$2rdamedia
=338  \\$aonline resource$2rdacarrier
=500  \\$a"One year on."
=588  \\$aDescription based on online resource; title from PDF cover page (viewed on November 12, 2013).
=610  20$aNorth Wales Police.
=650  \0$aPolice$zGreat Britain.
=650  \0$aPolice$xGovernment policy$zGreat Britain.
=710  1\$aGreat Britain.$bHer Majesty's Inspectorate of Constabulary,$eissuing body.
=856  40$ahttp://www.hmic.gov.uk/media/north-wales-policing-in-austerity-one-year-on.pdf
=CAT  \\$a10958$b40$c20120810$lBLL01$h1236
=CAT  \\$a8141$b40$c20131112$lBLL01$h1100
=CAT  \\$a8141$b40$c20131112$lBLL01$h1437
=CAT  \\$aBATCH-UPD$b40$c20150509$lBLL01$h1626
=CAT  \\$aW1711-1225$c20171203$lBLL01$h1049
=FIN  \\$aY$d20131112
=STA  \\$aSUPPRESSED$bunable to determine reason for suppression
=LAS  \\$aW1711-1225$b00$c20171203$lBLL01$h1049

