=LDR  02044 am a2200517 i 4500
=001  016178040
=003  Uk
=005  20161011123245.0
=006  m\\\\||\\d\|\\\\\\
=007  cr\|||||||||||
=008  131231s2011\\\\enk\\\\\o\\\\o000\0\eng\d
=FMT  \\$a  BK
=015  \\$aGBB4B0521$2bnb
=040  \\$aIiNdDKA$beng$cIiNdDKA$erda
=042  \\$aukblsr
=043  \\$ae-uk---
=082  04$a355.50941$223
=100  1\$aKelly, M.$c(Major),$eauthor.
=245  10$aTraining over private land /$cauthor: Major M Kelly (SO2 OPS 1, HQ DTE), - SME.
=246  13$aTraining over private land (TOPL)
=250  \\$aversion 2.0.
=264  \1$a[London] :$bMinistry of Defence,$cMay 2011.
=300  \\$a1 online resource (14 pages, 27 variously numbered pages).
=336  \\$atext$2rdacontent
=337  \\$acomputer$2rdamedia
=338  \\$aonline resource$2rdacarrier
=490  1\$aPractitioner guide ;$v02/11
=500  \\$a"Estate management."
=588  \\$aDescription based on online resource; title from PDF cover page (viewed on December 31, 2013).
=650  \0$aMilitary training camps$zGreat Britain.
=650  \0$aLand use$xLaw and legislation$zGreat Britain.
=650  \0$aLand tenure$zGreat Britain.
=710  1\$aGreat Britain.$bMinistry of Defence,$eissuing body.
=710  2\$aDefence Infrastructure Organisation (Great Britain),$eissuing body.
=856  4\$ahttps://www.gov.uk/government/uploads/system/uploads/attachment_data/file/33609/20120528ReviewedPG02_11TOPLFinalV3U.pdf
=830  \0$aPractitioner guide (Great Britain. Ministry of Defence) ;$v02/11.
=985  \\$aNETCAT record
=CAT  \\$a10958$b40$c20120926$lBLL01$h1149
=CAT  \\$aBATCH-SURR$b00$c20141014$lBLL01$h1629
=CAT  \\$a5100$b40$c20161011$lBLL01$h1232
=CAT  \\$aW1711-1225$c20171203$lBLL01$h1050
=CAT  \\$aBATCH-UPD$b00$c20191108$lBLL01$h2056
=FIN  \\$aY$d20141014
=SRC  \\$aNETCAT$bnetcatem.20141014
=STA  \\$aSUPPRESSED$bunable to determine reason for suppression
=LAS  \\$aBATCH-UPD$b00$c20191108$lBLL01$h2056

