=LDR  02082 am a2200517 i 4500
=001  016179600
=003  Uk
=005  20161013132648.0
=006  m\\\\||\\d\|\\\\\\
=007  cr\|||||||||||
=008  140226s2002\\\\enk\\\\\ob\\\o000\0\eng\d
=FMT  \\$a  BK
=015  \\$aGBB4B1886$2bnb
=020  \\$z1857059123 (print)
=040  \\$aIiNdDKA$beng$cIiNdDKA$erda
=042  \\$aukblsr
=043  \\$ae-uk---
=082  04$a333.7140941$223
=100  1\$aOrr, Paula,$eauthor.
=245  10$aScoping study on public perception of risk and EP risk communication /$cP Orr ; research contractor: Centre for Risk and Forecasting, Environment Agency.
=264  \1$aAlmondsbury, Bristol :$bEnvironment Agency,$cAugust 2002.
=300  \\$a1 online resource (iv, 25 pages).
=336  \\$atext$2rdacontent
=337  \\$acomputer$2rdamedia
=338  \\$aonline resource$2rdacarrier
=490  1\$aR&D technical report ;$vP6-019/2/TR
=504  \\$aIncludes bibliographical references (page 22).
=530  \\$aAlso issued in print format.
=588  \\$aDescription based on online resource; title from PDF title page (viewed on February 26, 2014).
=650  \0$aEnvironmental risk assessment$zGreat Britain.
=650  \0$aEnvironmental risk assessment$xPress coverage$zGreat Britain.
=650  \0$aRisk communication$zGreat Britain.
=650  \0$aRisk management$zGreat Britain.
=710  1\$aGreat Britain.$bCentre for Risk and Forecasting,$eissuing body.
=710  1\$aGreat Britain.$bEnvironment Agency,$eissuing body.
=830  \0$aR&D technical report (Great Britain. Environment Agency) ;$vP6-019/2/TR.
=856  4\$ahttp://www.envirobase.info/PDF/4854.pdf
=985  \\$aNETCAT record
=CAT  \\$a8411$b40$c20121001$lBLL01$h1348
=CAT  \\$aBATCH-SURR$b00$c20141014$lBLL01$h1629
=CAT  \\$a5100$b40$c20161013$lBLL01$h1326
=CAT  \\$aW1711-1225$c20171203$lBLL01$h1050
=FIN  \\$aY$d20141014
=SRC  \\$aNETCAT$bnetcatem.20141014
=STA  \\$aSUPPRESSED$bunable to determine reason for suppression
=LAS  \\$aW1711-1225$b00$c20171203$lBLL01$h1050

