=LDR  01700 am a2200433 i 4500
=001  016213560
=003  Uk
=005  20141014163214.0
=006  m\\\\||\\d\|\\\\\\
=007  cr\|||||||||||
=008  140329s2012\\\\enk\\\\\o\\\\o000\0\eng\d
=FMT  \\$a  BK
=015  \\$aGBB4B2155$2bnb
=020  \\$a9781409836513 (web only)
=040  \\$aIiNdDKA$beng$cIiNdDKA$erda
=042  \\$aukblsr
=043  \\$ae-uk-en
=082  04$a344.4209$223
=110  1\$aGreat Britain.$bDepartment for Communities and Local Government,$eauthor.
=245  10$aLiberalising the regime for flying flags :$bdiscussion paper : summary of responses /$cDepartment for Communities and Local Government.
=264  \1$aLondon :$bDepartment for Communities and Local Government,$cSeptember, 2012.
=300  \\$a1 online resource (7 pages)
=336  \\$atext$2rdacontent
=337  \\$acomputer$2rdamedia
=338  \\$aonline resource$2rdacarrier
=588  \\$aDescription based on online resource; title from PDF title page (viewed on March 29, 2014).
=650  \0$aFlags$xLaw and legislation$zEngland.
=650  \0$aPlanning$xLaw and legislation$zEngland.
=650  \0$aLocal government$zEngland.
=856  40$ahttps://www.gov.uk/government/uploads/system/uploads/attachment_data/file/8415/2218194.pdf
=985  \\$aNETCAT record
=CAT  \\$a12664$b40$c20121119$lBLL01$h1035
=CAT  \\$a12664$b40$c20121119$lBLL01$h1042
=CAT  \\$aBATCH-SURR$b00$c20141014$lBLL01$h1629
=CAT  \\$aW1711-1225$c20171203$lBLL01$h1051
=FIN  \\$aY$d20141014
=SRC  \\$aNETCAT$bnetcatem.20141014
=STA  \\$aSUPPRESSED$bunable to determine reason for suppression
=LAS  \\$aW1711-1225$b00$c20171203$lBLL01$h1051

