=LDR  00909 am a22002413a 4500
=001  016213657
=003  Uk
=005  20121119115411.0
=006  m\\\\||\\d\|\\\\\\
=007  cr\|||||||||||
=008  121119s2012\\\\enk\\\\\o\\\\\0|0\0|eng\\
=FMT  \\$a  BK
=245  \0$aLocal Government Pension Scheme funds 2011-2012$h[electronic resource] :$bstatistical release.
=260  \\$aLondon :$bDepartment for Communities and Local Government,$c2012.
=336  \\$atext$2rdacontent
=337  \\$acomputer$2rdamedia
=338  \\$aonline resource$2rdacarrier
=856  4\$ahttps://www.gov.uk/government/uploads/system/uploads/attachment_data/file/9381/2237245.doc
=CAT  \\$a12664$b40$c20121119$lBLL01$h1111
=CAT  \\$a12664$b40$c20121119$lBLL01$h1154
=CAT  \\$aW1711-1225$c20171203$lBLL01$h1051
=STA  \\$aSUPPRESSED$bunable to determine reason for suppression
=LAS  \\$aW1711-1225$b00$c20171203$lBLL01$h1051

