=LDR  01690 am a2200421 i 4500
=001  016213663
=003  Uk
=005  20141014163214.0
=006  m\\\\||\\d\|\\\\\\
=007  cr\|||||||||||
=008  140329s2012\\\\enk\\\\\ob\\\o000\0\eng\d
=FMT  \\$a  BK
=015  \\$aGBB4B2157$2bnb
=020  \\$a9781409836650 (web only)
=040  \\$aIiNdDKA$beng$cIiNdDKA$erda
=042  \\$aukblsr
=043  \\$ae-uk---
=082  04$a343.41043$223
=110  1\$aGreat Britain.$bDepartment for Communities and Local Government,$eauthor.
=245  10$aLocalising support for council tax :$btransitional grant scheme /$cDepartment for Communities and Local Government.
=264  \1$aLondon :$bDepartment for Communities and Local Government,$cOctober, 2012.
=300  \\$a1 online resource (18 unnumbered pages)
=336  \\$atext$2rdacontent
=337  \\$acomputer$2rdamedia
=338  \\$aonline resource$2rdacarrier
=504  \\$aIncludes bibliographical references.
=588  \\$aDescription based on online resource; title from PDF title page (viewed on March 29, 2014).
=650  \0$aLocal finance$xLaw and legislation$zGreat Britain.
=650  \0$aLocal taxation$xLaw and legislation$zGreat Britain.
=856  40$ahttps://www.gov.uk/government/uploads/system/uploads/attachment_data/file/14665/trans_grant_scheme.pdf
=985  \\$aNETCAT record
=CAT  \\$a12664$b40$c20121119$lBLL01$h1121
=CAT  \\$aBATCH-SURR$b00$c20141014$lBLL01$h1629
=CAT  \\$aW1711-1225$c20171203$lBLL01$h1051
=FIN  \\$aY$d20141014
=SRC  \\$aNETCAT$bnetcatem.20141014
=STA  \\$aSUPPRESSED$bunable to determine reason for suppression
=LAS  \\$aW1711-1225$b00$c20171203$lBLL01$h1051

