=LDR  01695 am a2200433 i 4500
=001  016213683
=003  Uk
=005  20141014163214.0
=006  m\\\\||\\d\|\\\\\\
=007  cr\|||||||||||
=008  140329s2012\\\\enk\\\\\o\\\\o000\0\eng\d
=FMT  \\$a  BK
=015  \\$aGBB4B2159$2bnb
=020  \\$a9781409836759 (web only)
=040  \\$aIiNdDKA$beng$cIiNdDKA$erda
=042  \\$aukblsr
=043  \\$ae-uk---
=082  04$a346.41063$223
=110  1\$aGreat Britain.$bDepartment for Communities and Local Government,$eauthor.
=245  10$aDraft Local Audit Bill :$bsummary of consultation responses /$cDepartment for Communities and Local Government.
=264  \1$aLondon :$bDepartment for Communities and Local Government,$cOctober, 2012.
=300  \\$a1 online resource (14 pages)
=336  \\$atext$2rdacontent
=337  \\$acomputer$2rdamedia
=338  \\$aonline resource$2rdacarrier
=588  \\$aDescription based on online resource; title from PDF title page (viewed on March 29, 2014).
=650  \0$aAuditing$xLaw and legislation$zGreat Britain.
=650  \0$aLocal government$zGreat Britain$xAuditing.
=856  40$ahttps://www.gov.uk/government/uploads/system/uploads/attachment_data/file/11087/2242719.pdf
=985  \\$aNETCAT record
=CAT  \\$a12664$b40$c20121119$lBLL01$h1142
=CAT  \\$a12664$b40$c20121119$lBLL01$h1145
=CAT  \\$a12664$b40$c20121119$lBLL01$h1153
=CAT  \\$aBATCH-SURR$b00$c20141014$lBLL01$h1629
=CAT  \\$aW1711-1225$c20171203$lBLL01$h1051
=FIN  \\$aY$d20141014
=SRC  \\$aNETCAT$bnetcatem.20141014
=STA  \\$aSUPPRESSED$bunable to determine reason for suppression
=LAS  \\$aW1711-1225$b00$c20171203$lBLL01$h1051

