=LDR  01652 am a2200421 i 4500
=001  016213750
=003  Uk
=005  20141014163149.0
=006  m\\\\||\\d\|\\\\\\
=007  cr\|||||||||||
=008  140127s2012\\\\enka\\\\ob\\\o000\0\eng\d
=FMT  \\$a  BK
=015  \\$aGBB4B1495$2bnb
=020  \\$a9781409836704 (web only)
=040  \\$aIiNdDKA$beng$cIiNdDKA$erda
=042  \\$aukblsr
=043  \\$ae-uk-en
=082  04$a347.4208$223
=110  1\$aGreat Britain.$bDepartment for Communities and Local Government,$eauthor.
=245  10$aTechnical review of planning appeal procedures :$bconsultation /$cDepartment for Communities and Local Government.
=264  \1$aLondon :$bDepartment for Communities and Local Government,$cNovember, 2012.
=300  \\$a1 online resource (56 pages) :$b4 illustrations (colour)
=336  \\$atext$2rdacontent
=337  \\$acomputer$2rdamedia
=338  \\$aonline resource$2rdacarrier
=504  \\$aIncludes bibliographical references.
=588  \\$aDescription based on online resource; title from PDF title page (viewed on January 27, 2014).
=650  \0$aAppellate procedure$zEngland.
=650  \0$aRegional planning$zEngland.
=856  40$ahttps://www.gov.uk/government/uploads/system/uploads/attachment_data/file/14632/2246948.pdf
=985  \\$aNETCAT record
=CAT  \\$a12664$b40$c20121119$lBLL01$h1337
=CAT  \\$aBATCH-SURR$b00$c20141014$lBLL01$h1629
=CAT  \\$aW1711-1225$c20171203$lBLL01$h1051
=FIN  \\$aY$d20141014
=SRC  \\$aNETCAT$bnetcatem.20141014
=STA  \\$aSUPPRESSED$bunable to determine reason for suppression
=LAS  \\$aW1711-1225$b00$c20171203$lBLL01$h1051

