=LDR  01903 am a2200457 i 4500
=001  016213756
=003  Uk
=005  20141204163407.0
=006  m||||||||d||||||||
=007  cr||||||||||||
=008  140521s2012\\\\enka\\\\o|\\\o000\0\eng|d
=FMT  \\$a  BK
=015  \\$aGBB4E0405$2bnb
=020  \\$a9781409836957 (PDF ebook) :$cNo price
=040  \\$aStDuBDS$beng$cStDuBDS$erda$epn
=042  \\$aukblsr
=082  04$a343.4107$223
=110  1\$aGreat Britain.$bDepartment for Communities and Local Government,$eauthor.
=245  10$aGrowth and Infrastructure Bill :$bimpact assessment /$cDepartment for Communities and Local Government.
=264  \1$aLondon :$bDepartment for Communities and Local Government,$cNovember 2012.
=300  \\$a1 online resource (73 pages) :$billustrations (colour)
=336  \\$atext$2rdacontent
=336  \\$astill image$2rdacontent
=337  \\$acomputer$2rdamedia
=338  \\$aonline resource$2rdacarrier
=504  \\$aIncludes bibliographical references.
=588  \\$aDescription based on online resource; title from PDF title page (viewed on May 21, 2014).
=690  7\$aManagement and Business Studies$2blcoll
=650  \0$aLaw and economic development.
=651  \0$aGreat Britain$xEconomic policy.
=650  \0$aInfrastructure (Economics)$xLaw and legislation$zGreat Britain.
=856  40$ahttps://www.gov.uk/government/uploads/system/uploads/attachment_data/file/14682/growth_and_infrastructure_bill_-_impact_assessment.pdf
=985  \\$aNETCAT record
=CAT  \\$a12664$b40$c20121119$lBLL01$h1347
=CAT  \\$a12664$b40$c20130311$lBLL01$h1320
=CAT  \\$aBATCH-SURR$b00$c20141204$lBLL01$h1632
=CAT  \\$aW1711-1225$c20171203$lBLL01$h1051
=FIN  \\$aY$d20141204
=SRC  \\$aNETCAT$bNETCATEM.mrc.20141204
=STA  \\$aSUPPRESSED$bunable to determine reason for suppression
=LAS  \\$aW1711-1225$b00$c20171203$lBLL01$h1051

