=LDR  01774 am a2200409 i 4500
=001  016213764
=003  Uk
=005  20140117134520.0
=006  m\\\\||\\d\|\\\\\\
=007  cr\|||||||||||
=008  121119s2012\\\\enkb\\\\ob\\\\0|0\0|eng\\
=FMT  \\$a  BK
=015  \\$aGBB407203$2bnb
=040  \\$aUk$beng$cUk$erda
=042  \\$aukblsr
=082  04$a363.7009422$223
=110  2\$aAMEC Environment & Infrastructure UK Limited,$eauthor.
=245  10$aStrategic environmental assessment of the Revocation of the South East Regional Strategy :$benvironmental report /$cAMEC Environment & Infrastructure UK Limited.
=264  \1$aLondon :$bDepartment of Communities and Local Government,$cOctober 2012.
=300  \\$a1 online resource (xxix, 188 pages) :$b1 map (colour)
=336  \\$atext$2rdacontent
=337  \\$acomputer$2rdamedia
=338  \\$aonline resource$2rdacarrier
=504  \\$aIncludes bibliographical references.
=588  \\$aDescription based on online resource; title from PDF cover page (viewed on January 17, 2014).
=650  \0$aEnvironmental policy$zEngland, South East.
=650  \0$aSustainable development$zEngland, South East.
=650  \0$aRegional planning$zEngland, South East.
=650  \0$aEnvironmental impact analysis$zEngland, South East.
=710  1\$aGreat Britain.$bDepartment for Communities and Local Government,$eissuing body.
=856  4\$ahttps://www.gov.uk/government/uploads/system/uploads/attachment_data/file/9340/2233600.pdf
=CAT  \\$a12664$b40$c20121119$lBLL01$h1359
=CAT  \\$a7332$b40$c20140117$lBLL01$h1345
=CAT  \\$aW1711-1225$c20171203$lBLL01$h1051
=FIN  \\$aY$d20140117
=STA  \\$aSUPPRESSED$bunable to determine reason for suppression
=LAS  \\$aW1711-1225$b00$c20171203$lBLL01$h1051

