=LDR  01790 am a2200409 i 4500
=001  016213805
=003  Uk
=005  20140117131545.0
=006  m\\\\||\\d\|\\\\\\
=007  cr\|||||||||||
=008  121119s2012\\\\enkb\\\\ob\\\\0|0\0|eng\\
=FMT  \\$a  BK
=015  \\$aGBB407196$2bnb
=040  \\$aUk$beng$cUk$erda
=042  \\$aukblsr
=082  04$a363.7009428$223
=110  2\$aAMEC Environment & Infrastructure UK Limited,$eauthor.
=245  10$aStrategic environmental assessment of the Revocation of the North East of England Regional Strategy :$benvironmental report /$cAMEC Environment & Infrastructure UK Limited.
=264  \1$aLondon :$bDepartment of Communities and Local Government,$cNovember 2012.
=300  \\$a1 online resource (xxvi, 115 pages) :$b1 map (colour)
=336  \\$atext$2rdacontent
=337  \\$acomputer$2rdamedia
=338  \\$aonline resource$2rdacarrier
=504  \\$aIncludes bibliographical references.
=588  \\$aDescription based on online resource; title from PDF cover page (viewed on January 17, 2014).
=650  \0$aEnvironmental policy$zEngland, North East.
=650  \0$aSustainable development$zEngland, North East.
=650  \0$aRegional planning$zEngland, North East.
=650  \0$aEnvironmental impact analysis$zEngland, North East.
=710  1\$aGreat Britain.$bDepartment for Communities and Local Government,$eissuing body.
=856  40$ahttps://www.gov.uk/government/uploads/system/uploads/attachment_data/file/11205/north_east.pdf
=CAT  \\$a12664$b40$c20121119$lBLL01$h1430
=CAT  \\$a7332$b40$c20140117$lBLL01$h1315
=CAT  \\$aW1711-1225$c20171203$lBLL01$h1051
=FIN  \\$aY$d20140117
=STA  \\$aSUPPRESSED$bunable to determine reason for suppression
=LAS  \\$aW1711-1225$b00$c20171203$lBLL01$h1051

