=LDR  02027 am a2200457 i 4500
=001  016213862
=003  Uk
=005  20140117152551.0
=006  m\\\\||\\d\|\\\\\\
=007  cr\|||||||||||
=008  121119s2012\\\\enkb\\\\ob\\\\0|0\0|eng\\
=FMT  \\$a  BK
=015  \\$aGBB407229$2bnb
=040  \\$aUk$beng$cUk$erda
=042  \\$aukblsr
=082  04$a363.70094281$223
=110  2\$aAMEC Environment & Infrastructure UK Limited,$eauthor.
=245  10$aStrategic environmental assessment of the Revocation of the Yorkshire and Humber Regional Strategy :$bEnvironmental report /$cAMEC Environment & Infrastructure UK Limited.
=264  \1$aLondon :$bDepartment of Communities and Local Government,$cSeptember 2012.
=300  \\$a1 online resource (xxx, 108 pages) :$b1 map (colour)
=336  \\$atext$2rdacontent
=337  \\$acomputer$2rdamedia
=338  \\$aonline resource$2rdacarrier
=504  \\$aIncludes bibliographical references.
=588  \\$aDescription based on online resource; title from PDF cover page (viewed on January 17, 2014).
=650  \0$aEnvironmental policy$zEngland$zYorkshire.
=650  \0$aSustainable development$zEngland$zYorkshire.
=650  \0$aRegional planning$zEngland$zYorkshire.
=650  \0$aEnvironmental impact analysis$zEngland$zYorkshire.
=650  \0$aEnvironmental policy$zEngland$zHumberside.
=650  \0$aSustainable development$zEngland$zHumberside.
=650  \0$aRegional planning$zEngland$zHumberside.
=650  \0$aEnvironmental impact analysis$zEngland$zHumberside.
=710  1\$aGreat Britain.$bDepartment for Communities and Local Government,$eissuing body.
=856  4\$ahttps://www.gov.uk/government/uploads/system/uploads/attachment_data/file/9328/2205270.pdf
=CAT  \\$a12664$b40$c20121119$lBLL01$h1551
=CAT  \\$a7332$b40$c20140117$lBLL01$h1525
=CAT  \\$aW1711-1225$c20171203$lBLL01$h1051
=FIN  \\$aY$d20140117
=STA  \\$aSUPPRESSED$bunable to determine reason for suppression
=LAS  \\$aW1711-1225$b00$c20171203$lBLL01$h1051

