=LDR  01713 am a2200457 i 4500
=001  016213876
=003  Uk
=005  20141204163512.0
=006  m||||||||d||||||||
=007  cr||||||||||||
=008  140624s2012\\\\enka\\\\o|\\\\000\0\eng|d
=FMT  \\$a  BK
=015  \\$aGBB4E2221$2bnb
=040  \\$aStDuBDS$beng$cStDuBDS$erda$epn
=042  \\$aukblsr
=082  04$a332.720942$223
=245  00$aLocal Records Centre accreditation implementation.
=264  \1$a[Sheffield] :$bNatural England,$cJuly 2012.
=300  \\$a1 online resource (38 pages) :$billustrations (colour).
=336  \\$atext$2rdacontent
=336  \\$astill image$2rdacontent
=337  \\$acomputer$2rdamedia
=338  \\$aonline resource$2rdacarrier
=490  0\$aNatural England commissioned report ;$vNECR093
=504  \\$aIncludes bibliographical references.
=588  \\$aDescription based on online resource; title from PDF title page (viewed on July 2, 2014).
=610  20$aNatural England (Agency)$xRecords and correspondence.
=650  \0$aNature conservation$zEngland$xRecords.
=710  2\$aNatural England (Agency),$eissuing body.
=856  40$ahttp://publications.naturalengland.org.uk/file/1819321
=985  \\$aNETCAT record
=CAT  \\$a12664$b40$c20121119$lBLL01$h1610
=CAT  \\$a8411$b40$c20140108$lBLL01$h1448
=CAT  \\$aBATCH-SURR$b00$c20141204$lBLL01$h1633
=CAT  \\$a7416$b40$c20150928$lBLL01$h1148
=CAT  \\$aBATCH-UPD$b40$c20150928$lBLL01$h1150
=CAT  \\$aW1711-1225$c20171203$lBLL01$h1051
=FIN  \\$aY$d20141204
=SRC  \\$aNETCAT$bNETCATEM.mrc.20141204
=STA  \\$aSUPPRESSED$bunable to determine reason for suppression
=LAS  \\$aW1711-1225$b00$c20171203$lBLL01$h1051

