=LDR  02167 am a2200505 i 4500
=001  016213887
=003  Uk
=005  20160913114405.0
=006  m\\\\||\\d\|\\\\\\
=007  cr\|||||||||||
=008  140331s2012\\\\enkab\\\ob\\\o000\0\eng\d
=FMT  \\$a  BK
=015  \\$aGBB4B2163$2bnb
=040  \\$aIiNdDKA$beng$cIiNdDKA$erda
=042  \\$aukblsr
=043  \\$ae-uk-en
=082  04$a333.7716094244$223
=100  1\$aPankhurst, Hayley,$eauthor.
=245  10$aGreen Infrastructure :$bmainstreaming the concept : understanding and applying the principles of Green Infrastructure in South Worcestershire /$cHayley Pankhurst, Lead Advisor, Land Use Operations, Worcester.
=264  \1$aSheffield :$bNatural England,$c03 February 2012.
=300  \\$a1 online resource (121 pages) :$billustrations (colour), maps (colour).
=336  \\$atext$2rdacontent
=337  \\$acomputer$2rdamedia
=338  \\$aonline resource$2rdacarrier
=490  0\$aNatural England commissioned report,$x2040-5545 ;$vNECR079
=504  \\$aIncludes bibliographical references (pages 110-121).
=588  \\$aDescription based on online resource; title from PDF title page (viewed on March 31, 2014).
=650  \0$aOpen spaces$zEngland$zWorcestershire$xPlanning.
=650  \0$aCity planning$xEnvironmental aspects$zEngland$zWorcestershire.
=650  \0$aSustainable development$zEngland$zWorcestershire$xPlanning.
=650  \0$aInfrastructure (Economics)$zEngland$zWorcestershire$xPlanning.
=710  2\$aNatural England (Agency),$eissuing body.
=856  40$ahttp://publications.naturalengland.org.uk/file/275811
=985  \\$aNETCAT record
=CAT  \\$a12664$b40$c20121119$lBLL01$h1622
=CAT  \\$a12664$b40$c20121119$lBLL01$h1629
=CAT  \\$aBATCH-SURR$b00$c20141014$lBLL01$h1629
=CAT  \\$a7416$b40$c20150928$lBLL01$h1148
=CAT  \\$aBATCH-UPD$b40$c20150928$lBLL01$h1150
=CAT  \\$a5194$b40$c20160913$lBLL01$h1144
=CAT  \\$aW1711-1225$c20171203$lBLL01$h1051
=FIN  \\$aY$d20141014
=SRC  \\$aNETCAT$bnetcatem.20141014
=STA  \\$aSUPPRESSED$bunable to determine reason for suppression
=LAS  \\$aW1711-1225$b00$c20171203$lBLL01$h1051

