=LDR  01894 am a2200493 i 4500
=001  016213894
=003  Uk
=005  20161012153618.0
=006  m\\\\||\\d\|\\\\\\
=007  cr\|||||||||||
=008  150429s2012\\\\enka\\\\ob\\\o000\0\eng\d
=FMT  \\$a  BK
=015  \\$aGBB586775$2bnb
=040  \\$aIiNdDKA$beng$cIiNdDKA$erda
=042  \\$aukblsr
=043  \\$ae-uk-en
=082  04$a026.33395160942$223
=100  1\$aAlexander, Richard$c(Project manager),$eauthor.
=245  10$aDevelopment of a Local Record Centre accreditation system /$cRichard Alexander.
=246  13$aWGB Environment for Natural England & ALERC
=264  \1$a[Sheffield] :$bNatural England,$c10 July 2012.
=300  \\$a1 online resource (28 pages) :$billustrations (colour).
=336  \\$atext$2rdacontent
=337  \\$acomputer$2rdamedia
=338  \\$aonline resource$2rdacarrier
=490  0\$aNatural England Commissioned Report,$x2040-5545 ;$vNECR058
=504  \\$aIncludes bibliographical references.
=610  20$aNatural England (Agency)$xRecords and correspondence.
=650  \0$aNature conservation$xInformation services$xAccreditation$zEngland.
=650  \0$aCommunity information services$zEngland.
=710  2\$aNatural England (Agency),$eissuing body.
=856  40$ahttp://publications.naturalengland.org.uk/file/1812621
=985  \\$aNETCAT record
=CAT  \\$a12664$b40$c20121119$lBLL01$h1631
=CAT  \\$a11279$b40$c20131122$lBLL01$h1110
=CAT  \\$aBATCH-SURR$b00$c20150702$lBLL01$h1349
=CAT  \\$a7416$b40$c20150928$lBLL01$h1148
=CAT  \\$aBATCH-UPD$b40$c20150928$lBLL01$h1150
=CAT  \\$a5194$b40$c20161012$lBLL01$h1536
=CAT  \\$aW1711-1225$c20171203$lBLL01$h1051
=FIN  \\$aY$d20150702
=SRC  \\$aNETCAT$bnetcatem.mrc.20150702
=STA  \\$aSUPPRESSED$bunable to determine reason for suppression
=LAS  \\$aW1711-1225$b00$c20171203$lBLL01$h1051

