=LDR  01874 am a2200457 i 4500
=001  016213898
=003  Uk
=005  20141120110747.0
=006  m\\\\||\\d\|\\\\\\
=007  cr\|||||||||||
=008  121119s2010\\\\enka|||\ob\\\o0||\0|eng\\
=FMT  \\$a  BK
=015  \\$aGBB4C5404$2bnb
=040  \\$aUk$beng$cUk$erda
=042  \\$aukblsr
=082  04$a333.9170941$223
=100  1\$aMurdock, Andrew$c(Geographic information consultant),$eauthor.
=245  10$aCoastal vegetated shingle :$bdevelopment of an evidence base of the extent and quality of shingle habitats in England to improve targeting and delivery of the coastal vegetated shingle HAP /$cMURDOCK, A., HILL, A.N., COX, J. & RANDALL, R.E.
=264  \1$a[Sheffield] :$bNatural England,$c17 December 2010.
=300  \\$a1 online resource (viii, 66 pages) :$billustrations (colour).
=336  \\$atext$2rdacontent
=337  \\$acomputer$2rdamedia
=338  \\$aonline resource$2rdacarrier
=490  0\$aNatural England commissioned report ;$vNECR054
=504  \\$aIncludes bibliographical references.
=650  \0$aCoastal plants$zGreat Britain.
=650  \0$aCoastal zone management$zGreat Britain.
=650  \0$aCoastal ecology$zGreat Britain.
=650  \0$aShore protection$zGreat Britain.
=710  2\$aNatural England (Agency),$epublisher.
=856  40$ahttp://publications.naturalengland.org.uk/file/83001
=CAT  \\$a12664$b40$c20121119$lBLL01$h1637
=CAT  \\$a11279$b40$c20131122$lBLL01$h1119
=CAT  \\$a11281$b40$c20141111$lBLL01$h1415
=CAT  \\$a7332$b40$c20141120$lBLL01$h1107
=CAT  \\$a7416$b40$c20150928$lBLL01$h1148
=CAT  \\$aBATCH-UPD$b40$c20150928$lBLL01$h1150
=CAT  \\$aW1711-1225$c20171203$lBLL01$h1051
=FIN  \\$aY$d20141111
=STA  \\$aSUPPRESSED$bunable to determine reason for suppression
=LAS  \\$aW1711-1225$b00$c20171203$lBLL01$h1051

