=LDR  00972 am a22002533a 4500
=001  016213901
=003  Uk
=005  20121119164202.0
=006  m\\\\||\\d\|\\\\\\
=007  cr\|||||||||||
=008  121119s2010\\\\enk\\\\\o\\\\\0|0\0|eng\\
=FMT  \\$a  BK
=245  \0$aMonitor of engagement with the natural environment$h[electronic resource] :$bthe national survey on people and the natural environment : annual report from the 2009-10 survey.
=260  \\$aSheffield :$bNatural England,$c2010.
=336  \\$atext$2rdacontent
=337  \\$acomputer$2rdamedia
=338  \\$aonline resource$2rdacarrier
=490  0\$aNatural England commissioned report ;$vNECR049
=500  \\$aIncludes appendix.
=856  40$ahttp://publications.naturalengland.org.uk/file/72039
=CAT  \\$a12664$b40$c20121119$lBLL01$h1642
=CAT  \\$aW1711-1225$c20171203$lBLL01$h1051
=STA  \\$aSUPPRESSED$bunable to determine reason for suppression
=LAS  \\$aW1711-1225$b00$c20171203$lBLL01$h1051

