=LDR  02032 am a2200505 i 4500
=001  016231043
=003  Uk
=005  20130611140429.0
=006  m\\\\||\\d\|\\\\\\
=007  cr\|||||||||||
=008  121213s2012\\\\enka\\\\ob\\\\0|0\0|eng\\
=FMT  \\$a  BK
=015  \\$aGBB353850$2bnb
=040  \\$aUk$beng$cUk$erda
=042  \\$aukblsr
=082  04$a331.1109667$223
=100  1\$aAslam, Monazza,$d1978-$eauthor.
=245  10$aLearning by doing : skills and jobs in urban Ghana /$cMonazza Aslam, Institute of Education, University of London, Kim Lehrer, University of Oxford.
=264  \1$aOxford :$bCentre for the Study of African Economies, Department of Economics, University of Oxford,$c2012.
=300  \\$a1 online resource (30 pages) :$b2 illustrations (colour).
=336  \\$atext$2rdacontent
=337  \\$acomputer$2rdamedia
=338  \\$aonline resource$2rdacarrier
=490  1\$aCSAE working paper ;$vWPS/2012-15
=500  \\$a"October 19, 2012."
=504  \\$aIncludes bibliographical refeences.
=588  \\$aDescription based on online resource; title from PDF caption title (viewed on June 11, 2013).
=650  \0$aLabor supply$xEffect of education on$zGhana.
=650  \0$aWomen$xEducation$zGhana.
=650  \0$aWomen$xEmployment$zGhana.
=650  \0$aAbility$zGhana.
=650  \0$aNumeracy$zGhana.
=650  \0$aEducation$zGhana.
=650  \0$aEconomic surveys$zGhana.
=700  1\$aLehrer, Kim,$eauthor.
=710  2\$aCentre for the Study of African Economies,$epublisher.
=830  \0$aWorking paper series (Centre for the Study of African Economies) ;$vWPS/2012-15.
=856  40$ahttp://www.csae.ox.ac.uk/workingpapers/pdfs/csae-wps-2012-15.pdf
=CAT  \\$a10983$b40$c20121213$lBLL01$h0913
=CAT  \\$a8141$b40$c20130611$lBLL01$h1315
=CAT  \\$a8141$b40$c20130611$lBLL01$h1404
=CAT  \\$aW1711-1225$c20171203$lBLL01$h1051
=FIN  \\$aY$d20130611
=STA  \\$aSUPPRESSED$bunable to determine reason for suppression
=LAS  \\$aW1711-1225$b00$c20171203$lBLL01$h1051

