=LDR  01909 am a2200517 a 4500
=001  013816508
=003  Uk
=005  20070913070625.0
=006  m\\\\|\\\d\|\\\\\\
=007  cr||||||||||||
=008  070813s2007\\\\enk\\\\\s\\\\o000\0\eng\\
=015  \\$aGBA773910$2bnb
=020  \\$cNo price
=040  \\$aUk$beng$cUk
=042  \\$aukblsr
=082  04$a621.312136$222
=245  00$aResearch into aerodynamic modulation of wind turbine noise$h[electronic resource] :$breport by University of Salford /$cprepared for DEFRA by Andy Moorhouse ... [et al.].
=260  \\$aLondon :$bDepartment for Business, Enterprise and Regulatory Reform,$c2007.
=336  \\$atext$2rdacontent
=337  \\$acomputer$2rdamedia
=338  \\$aonline resource$2rdacarrier
=500  \\$aTitle from PDF title page (viewed on 12 Sep., 2007).
=500  \\$aURN no.: 07/1235.
=500  \\$aContract no.: NANR233.
=516  \\$aPDF format.
=538  \\$aMode of access: World Wide Web.
=538  \\$aSystem requirements: Adobe Acrobat Reader.
=650  \0$aAerodynamic noise.
=650  \0$aNoise pollution.
=650  \0$aWind turbines$xNoise.
=700  1\$aMoorhouse, Andrew Thomas.
=710  1\$aGreat Britain.$bDepartment for Business, Enterprise and Regulatory Reform.
=710  2\$aUniversity of Salford.
=856  40$ahttp://www.berr.gov.uk/files/file40570.pdf
=985  \\$aRecord amended for WR# 13/070
=CAT  \\$a10902$b40$c20070813$lBLL01$h1410
=CAT  \\$a7332$b40$c20070912$lBLL01$h1259
=CAT  \\$a7332$b40$c20070912$lBLL01$h1311
=CAT  \\$a7332$b40$c20070912$lBLL01$h1323
=CAT  \\$a7332$b40$c20070913$lBLL01$h0706
=CAT  \\$aWR13_070$b00$c20130504$lBLL01$h0254
=CAT  \\$aW1711-1225$c20171203$lBLL01$h1027
=FIN  \\$aY$d20070912
=FMT  \\$a  BK
=LAS  \\$aW1711-1225$b00$c20171203$lBLL01$h1027
=STA  \\$aSUPPRESSED$bunable to determine reason for suppression

