=LDR  01921 as a2200481 a 4500
=001  013820156
=003  Uk
=005  20120317072127.0
=006  m\\\\\\\\d\|\\\\\\
=007  cr||||||||||||
=008  070816d20072011enkmr\p\s\\\\\0\\\a0eng\\
=015  \\$aGBA765250$2bnb
=022  0\$a1755-4489$y1467-3878$202
=040  \\$aUk$beng$cUk
=042  \\$aukblsr$aissnuk
=082  04$a338.4762922$222
=222  \0$aAutomotiveworld.com. OEM & markets monthly digest
=245  00$aAutomotiveworld.com.$pOEM & markets monthly digest$h[electronic resource] :$bessential monthly analysis of vehicle manufacturers and markets.
=246  30$aOEM & markets monthly digest
=246  1\$iWeb site variant:$aAutomotive OEMs & Markets Monthly Digest
=246  1\$iWeb site variant:$aOEMs and Markets
=260  \\$aLondon :$bAutomotive World,$c2007-
=336  \\$atext$2rdacontent
=337  \\$acomputer$2rdamedia
=338  \\$aonline resource$2rdacarrier
=362  0\$aIssue no. 38 (Aug. 2007)-
=500  \\$aTitle from PDF caption (publisher's Web site, viewed on 16 Aug. 2007).
=538  \\$aMode of access: World Wide Web.
=650  \0$aMotor vehicle industry$vPeriodicals.
=710  2\$aAutomotive World (Firm)
=780  00$tWorld vehicle manufacturers analyst$x1755-4454
=785  00$tAutomotive OEMs & markets$x2049-1328
=856  40$ahttp://www.automotiveworld.com/WVMA/default.asp$zTo subscribe
=CAT  \\$a3072$b40$c20070816$lBLL01$h1410
=CAT  \\$a5997$b40$c20120317$lBLL01$h0721
=CAT  \\$aWR14_140$c20140905$lBLL01$h1816
=CAT  \\$aW1711-1225$c20171203$lBLL01$h1027
=FIN  \\$aY$d20070816
=FMT  \\$a  SE
=LAS  \\$aW1711-1225$b00$c20171203$lBLL01$h1027
=LKR  \\$aPAR$b013217397$lBLL01$r78000$mAutomotiveworld.com. OEM & markets monthly digest$nWorld vehicle manufacturers analyst
=STA  \\$aSUPPRESSED$bunable to determine reason for suppression
=TCO  \\$aCLA$bCLA$c008

