=LDR  01009 as a22003137a 4500
=001  013821757
=003  Uk
=005  20070820101044.0
=006  m\\\\\\\\d\|\\\\\\
=007  c\||||||||||||
=008  070820c20069999xxuqr\\\s\\\\\0\\\a0eng\\
=022  \\$a1931-6690
=040  \\$aUk$beng$cUk
=245  00$aBayesian analysis (Online)$h[electronic resource]
=260  \\$aPittsburgh :$bInternational Society for Bayesian Analysis,$c2006-.
=336  \\$atext$2rdacontent
=337  \\$acomputer$2rdamedia
=516  \\$aPDF format
=538  \\$aMode of access: Internet
=856  \\$ahttp://ba.stat.cmu.edu
=945  \\$aBayesian analysis -electronic edition-
=979  \\$aBritish Library$cDSC$j1871.233350N
=CAT  \\$a5270$b40$c20070820$lBLL01$h1010
=CAT  \\$aWR12_168$c20121206$lBLL01$h1818
=CAT  \\$aW1711-1225$c20171203$lBLL01$h1027
=FMT  \\$a  SE
=LAS  \\$aW1711-1225$b00$c20171203$lBLL01$h1027
=STA  \\$aSUPPRESSED$bunable to determine reason for suppression
=TCO  \\$aTRS$bCCC$c008

