=LDR  00948 as a22003017a 4500
=001  014085049
=003  Uk
=005  20071012112454.0
=006  m\\\\\\\\d\|\\\\\\
=007  c\||||||||||||
=008  071012cuuuu9999xxuuu\\\s\\\\\0\\\a0eng\\
=040  \\$aUk$beng$cUk
=245  00$aMedscape transplantation$h[electronic resource]
=260  \\$bMedscape.
=336  \\$atext$2rdacontent
=337  \\$acomputer$2rdamedia
=516  \\$aPDF format
=538  \\$aMode of access: Internet
=856  \\$ahttp://www.medscape.com/transplantation
=945  \\$aMedscape transplantation -electronic edition-
=979  \\$aBritish Library$cDSC$j5535.588655N
=CAT  \\$a5270$b40$c20071012$lBLL01$h1124
=CAT  \\$aWR12_168$c20121206$lBLL01$h1818
=CAT  \\$aW1711-1225$c20171203$lBLL01$h1027
=FMT  \\$a  SE
=LAS  \\$aW1711-1225$b00$c20171203$lBLL01$h1027
=STA  \\$aSUPPRESSED$bunable to determine reason for suppression
=TCO  \\$aTRS$bCCC$c008

