=LDR  02094 as a2200529 a 4500
=001  014339477
=003  Uk
=005  20111207114948.0
=006  m\\\\\\\\d\|\\\\\\
=007  cr||||||||||||
=008  071112d20042009enkqr\p\ss\\\o0\\\a0eng\\
=015  \\$aGBA792107$2bnb
=040  \\$aUk$beng$cUk
=042  \\$aukblsr
=082  04$a331.624$222
=245  00$aAccession monitoring report$h[electronic resource].
=246  13$aAccession monitoring report :$bA8 countries
=260  \\$a[London] :$b[Home Office?],$c2004-2009.
=336  \\$atext$2rdacontent
=337  \\$acomputer$2rdamedia
=338  \\$aonline resource$2rdacarrier
=362  0\$aMay/Sept. 2004-May 2004/Mar. 2009.
=500  \\$aFrom May 2004/Mar. 2007 issue subtitled: A8 countries.
=500  \\$aA joint online report by the Home Office ... and other bodies.
=500  \\$aTitle from PDF t.p. (viewed on 12 Nov. 2007).
=500  \\$aLatest issue consulted: May 2004/June 2007 issue.
=538  \\$aMode of access: World Wide Web.
=538  \\$aSystem requirements: Adobe Acrobat Reader.
=650  \0$aForeign workers$zGreat Britain$vStatistics$vPeriodicals.
=650  \0$aEuropeans$xEmployment$zGreat Britain$vStatistics$vPeriodicals.
=651  \0$aEuropean Union countries$xEmigration and immigration$vStatistics$vPeriodicals.
=710  1\$aGreat Britain.$bHome Office.
=856  40$zhttp://www.ind.homeoffice.gov.uk/aboutus/reports/accession_monitoring_report$zFollow links to resource
=CAT  \\$a3072$b40$c20071112$lBLL01$h1216
=CAT  \\$a3072$b40$c20071112$lBLL01$h1228
=CAT  \\$a3072$b40$c20071112$lBLL01$h1406
=CAT  \\$a3072$b40$c20071112$lBLL01$h1422
=CAT  \\$a7792$b40$c20101209$lBLL01$h1153
=CAT  \\$a8201$b40$c20110907$lBLL01$h0923
=CAT  \\$a9572$b40$c20111207$lBLL01$h1149
=CAT  \\$aWR14_140$c20140905$lBLL01$h1817
=CAT  \\$aW1711-1225$c20171203$lBLL01$h1027
=FIN  \\$aY$d20071112
=FMT  \\$a  SE
=LAS  \\$aW1711-1225$b00$c20171203$lBLL01$h1027
=STA  \\$aSUPPRESSED$bunable to determine reason for suppression
=TCO  \\$aCLA$bCLA$c008

