=LDR  00965 as a22003017a 4500
=001  014340293
=003  Uk
=005  20071113110108.0
=006  m\\\\\\\\d\|\\\\\\
=007  c\||||||||||||
=008  071113c20049999xxumr\\\s\\\\\0\\\a0eng\\
=040  \\$aUk$beng$cUk
=245  00$aInternational government contractor$h[electronic resource]
=260  \\$bWest Publishing Co,$c2004.
=336  \\$atext$2rdacontent
=337  \\$acomputer$2rdamedia
=516  \\$aPDF format
=538  \\$aMode of access: Internet
=856  \\$awww.thompson.com/
=945  \\$aInternational government contractor -Electronic Edition-
=979  \\$aBritish Library$cDSC$j4540.616000N
=CAT  \\$a6810$b40$c20071113$lBLL01$h1101
=CAT  \\$aWR12_168$c20121206$lBLL01$h1818
=CAT  \\$aW1711-1225$c20171203$lBLL01$h1028
=FMT  \\$a  SE
=LAS  \\$aW1711-1225$b00$c20171203$lBLL01$h1028
=STA  \\$aSUPPRESSED$bunable to determine reason for suppression
=TCO  \\$aTRS$bCCC$c008

