=LDR  01038 as a22003137a 4500
=001  014340309
=003  Uk
=005  20071113110810.0
=006  m\\\\\\\\d\|\\\\\\
=007  c\||||||||||||
=008  071113c20009999xxufr\\\s\\\\\0\\\a0eng\\
=022  \\$a1528-8420
=040  \\$aUk$beng$cUk
=245  04$aThe Internet Journal of Otorhinolaryngology$h[electronic resource]
=260  \\$aSugar Land :$bInternet Scientific Publications,Llc,$c2000.
=336  \\$atext$2rdacontent
=337  \\$acomputer$2rdamedia
=516  \\$aPDF format
=538  \\$aMode of access: Internet
=856  \\$ahttp://www.ispub.com
=945  \\$aInternet journal of otorhinolaryngology -Electronic Edition-
=979  \\$aBritish Library$cDSC$j9830.078000N
=CAT  \\$a6810$b40$c20071113$lBLL01$h1108
=CAT  \\$aWR12_168$c20121206$lBLL01$h1818
=CAT  \\$aW1711-1225$c20171203$lBLL01$h1028
=FMT  \\$a  SE
=LAS  \\$aW1711-1225$b00$c20171203$lBLL01$h1028
=STA  \\$aSUPPRESSED$bunable to determine reason for suppression
=TCO  \\$aTRS$bCCC$c008

