=LDR  01010 as a22003257a 4500
=001  014456922
=003  Uk
=005  20071129120901.0
=006  m\\\\\\\\d\|\\\\\\
=007  c\||||||||||||
=008  071126c20029999tu\qr\\\s\\\\\0\\\a0eng\\
=FMT  \\$a  SE
=022  \\$a1303-5525
=040  \\$aUk$beng$cUk
=245  00$aAlternatives$h[electronic resource]
=260  \\$aIstanbul :$bFatih Üniversitesi,$c2002-.
=336  \\$atext$2rdacontent
=337  \\$acomputer$2rdamedia
=516  \\$aPDF format
=538  \\$aMode of access: Internet
=856  \\$ahttp://www.alternativesjournal.net
=945  \\$aAlternatives -Istanbul-
=979  \\$aBritish Library$cDSC$j0803.672550N
=CAT  \\$a5270$b40$c20071126$lBLL01$h1411
=CAT  \\$a6810$b40$c20071129$lBLL01$h1209
=CAT  \\$aWR12_168$c20121206$lBLL01$h1818
=CAT  \\$aW1711-1225$c20171203$lBLL01$h1028
=STA  \\$aSUPPRESSED$bunable to determine reason for suppression
=TCO  \\$aXXX$c008
=LAS  \\$aW1711-1225$b00$c20171203$lBLL01$h1028

