=LDR  01035 as a22003137a 4500
=001  014457847
=003  Uk
=005  20071127143809.0
=006  m\\\\\\\\d\|\\\\\\
=007  c\||||||||||||
=008  071127c20069999yu\mr\\\s\\\\\0\\\a0eng\\
=FMT  \\$a  SE
=022  \\$a1452-3981
=040  \\$aUk$beng$cUk
=245  00$aInternational journal of electrochemical science$h[electronic resource]
=260  \\$aBor$bTechnical faculty Bor, University of Belgrade$c2006-
=336  \\$atext$2rdacontent
=337  \\$acomputer$2rdamedia
=516  \\$aPDF format
=538  \\$aMode of access: Internet
=856  \\$ahttp://www.electrochemsci.org/
=945  \\$aInternational journal of electrochemical science
=979  \\$aBritish Library$cDSC$j4542.225500N
=CAT  \\$a5763$b40$c20071127$lBLL01$h1438
=CAT  \\$aWR12_168$c20121206$lBLL01$h1818
=CAT  \\$aW1711-1225$c20171203$lBLL01$h1028
=STA  \\$aSUPPRESSED$bunable to determine reason for suppression
=TCO  \\$aXXX$c008
=LAS  \\$aW1711-1225$b00$c20171203$lBLL01$h1028

