=LDR  00982 as a22003137a 4500
=001  014460871
=003  Uk
=005  20071129160949.0
=006  m\\\\\\\\d\|\\\\\\
=007  c\||||||||||||
=008  071129c20079999xxubr\\\s\\\\\0\\\a0eng\\
=FMT  \\$a  SE
=022  \\$a1933-1770
=040  \\$aUk$beng$cUk
=245  00$aWater practice$h[electronic resource]
=260  \\$aAlexandria :$bWater Environment Federation,$c2007.
=336  \\$atext$2rdacontent
=337  \\$acomputer$2rdamedia
=516  \\$aPDF format
=538  \\$aMode of access: Internet
=856  \\$ahttp://ingentaconnect.com/
=945  \\$aWater practice -Electronic edition-
=979  \\$aBritish Library$cDSC$j9273.010000N
=CAT  \\$a6810$b40$c20071129$lBLL01$h1609
=CAT  \\$aWR12_168$c20121206$lBLL01$h1818
=CAT  \\$aW1711-1225$c20171203$lBLL01$h1028
=STA  \\$aSUPPRESSED$bunable to determine reason for suppression
=TCO  \\$aTRS$bCCC$c008
=LAS  \\$aW1711-1225$b00$c20171203$lBLL01$h1028

