=LDR  00974 as a22003137a 4500
=001  014471746
=003  Uk
=005  20071213102923.0
=006  m\\\\\\\\d\|\\\\\\
=007  c\||||||||||||
=008  071213c19999999xxcuu\\\s\\\\\0\\\a0eng\\
=FMT  \\$a  SE
=022  \\$a1492-1650
=040  \\$aUk$beng$cUk
=245  00$aJournal of combative sport$h[electronic resource]
=260  \\$aGuelph :$bSei do Kai,$c1999-.
=336  \\$atext$2rdacontent
=337  \\$acomputer$2rdamedia
=516  \\$aPDF format
=538  \\$aMode of access: Internet
=856  \\$ahttp://ejmas.com/jcs/jcsframe.htm
=945  \\$ajournal of combative sport
=979  \\$aBritish Library$cDSC$j4959.700000N
=CAT  \\$a5270$b40$c20071213$lBLL01$h1029
=CAT  \\$aWR12_168$c20121206$lBLL01$h1818
=CAT  \\$aW1711-1225$c20171203$lBLL01$h1028
=STA  \\$aSUPPRESSED$bunable to determine reason for suppression
=TCO  \\$aCAN$bAccess$c008
=LAS  \\$aW1711-1225$b00$c20171203$lBLL01$h1028

