=LDR  00988 as a22003017a 4500
=001  014472295
=003  Uk
=005  20071213153310.0
=006  m\\\\\\\\d\|\\\\\\
=007  c\||||||||||||
=008  071213c20059999wlkuu\\\s\\\\\0\\\a0eng\\
=FMT  \\$a  SE
=040  \\$aUk$beng$cUk
=245  00$aEuropean biology and bioelectromagnetics$h[electronic resource]
=260  \\$aPontypool :$bMedcross Ltd,$c2005.
=336  \\$atext$2rdacontent
=337  \\$acomputer$2rdamedia
=516  \\$aPDF format
=538  \\$aMode of access: Internet
=856  \\$ahttp://www.ebab.eu.com/
=945  \\$aEuropean biology and bioelectromagnetics -Electronic edition-
=979  \\$aBritish Library$cDSC$j3829.489235N
=CAT  \\$a6810$b40$c20071213$lBLL01$h1533
=CAT  \\$aWR12_168$c20121206$lBLL01$h1818
=CAT  \\$aW1711-1225$c20171203$lBLL01$h1028
=STA  \\$aSUPPRESSED$bunable to determine reason for suppression
=TCO  \\$aCLA$bCLA$c008
=LAS  \\$aW1711-1225$b00$c20171203$lBLL01$h1028

