=LDR  02098 am a2200493 a 4500
=001  014478877
=003  Uk
=005  20080226102231.0
=006  m\\\\|\\\d\|\\\\\\
=007  cr||||||||||||
=008  071221s2007\\\\enk\\\\\s\\\\o000\0\eng\\
=FMT  \\$a  BK
=015  \\$aGBA821944$2bnb
=020  \\$cNo price
=040  \\$aUk$beng$cUk
=042  \\$aukblsr
=082  04$a333.914$222
=245  00$aWave & tidal stream energy monitoring & research strategy V6-070906$h[electronic resource].
=260  \\$a[London] :$bDepartment for Business, Enterprise and Regulatory Reform,$c[2007]
=336  \\$atext$2rdacontent
=337  \\$acomputer$2rdamedia
=338  \\$aonline resource$2rdacarrier
=538  \\$aMode of access: World Wide Web.
=538  \\$aSystem requirements: Adobe Acrobat Reader.
=500  \\$aTitle from PDF title page (viewed on 26 Feb., 2008).
=516  \\$aPDF format.
=520  \\$a"Sets out the strategy to collect environmental research during the demonstrator phase of wave and tidal stream technology deployment, to inform strategic decisions on future leasing rounds and consenting of individual developments. " - BERR website (Reports & Publications).
=500  \\$aPublisher's no.: URN 07/1596.
=500  \\$a"In association with DEFRA, DFT, the Crown Estate."
=650  \0$aOcean wave power$zGreat Britain.
=650  \0$aTidal power$zGreat Britain.
=650  \0$aWind power$zGreat Britain.
=710  1\$aGreat Britain.$bDepartment for Business, Enterprise and Regulatory Reform.
=710  1\$aGreat Britain.$bMarine Renewable Energy Research Advisory Group.
=856  40$ahttp://www.berr.gov.uk/files/file42356.pdf
=985  \\$aRecord amended for WR# 13/070
=CAT  \\$a10902$b40$c20071221$lBLL01$h1054
=CAT  \\$a10902$b40$c20071221$lBLL01$h1056
=CAT  \\$a7332$b40$c20080226$lBLL01$h1022
=CAT  \\$aWR13_070$b00$c20130504$lBLL01$h0259
=CAT  \\$aW1711-1225$c20171203$lBLL01$h1028
=FIN  \\$aY$d20080226
=STA  \\$aSUPPRESSED$bunable to determine reason for suppression
=LAS  \\$aW1711-1225$b00$c20171203$lBLL01$h1028

