=LDR  01122 as a22003257a 4500
=001  014483124
=003  Uk
=005  20101126112543.0
=006  m\\\\\\\\d\|\\\\\\
=007  c\||||||||||||
=008  080103c20059999gw\uu\\\s\\\\\0\\\a0eng\\
=FMT  \\$a  SE
=022  \\$a1860-5214
=040  \\$aUk$beng$cUk
=245  00$aGMS. Psycho-social medicine$h[electronic resource]
=260  \\$aDüsseldorf :$bArbeitsgemeinschaft der Wissenschaftlichen Medizinischen Fachgesellschaften.,$c2005-.
=336  \\$atext$2rdacontent
=337  \\$acomputer$2rdamedia
=516  \\$aPDF format
=538  \\$aMode of access: Internet
=856  \\$awww.egms.de/en/journals/psm/index.shtm
=945  \\$aGMS Psycho-social medicine -electronic edition-
=979  \\$aBritish Library$cDSC$j4196.509480N
=CAT  \\$a5270$b40$c20080103$lBLL01$h1051
=CAT  \\$a5763$b40$c20101126$lBLL01$h1125
=CAT  \\$aWR12_168$c20121206$lBLL01$h1818
=CAT  \\$aW1711-1225$c20171203$lBLL01$h1028
=STA  \\$aSUPPRESSED$bunable to determine reason for suppression
=TCO  \\$aDEU$bVG WORT$c008
=LAS  \\$aW1711-1225$b00$c20171203$lBLL01$h1028

