=LDR  01079 as a22003137a 4500
=001  014483196
=003  Uk
=005  20080103112058.0
=006  m\\\\\\\\d\|\\\\\\
=007  c\||||||||||||
=008  080103d19972004bl\fr\\\s\\\\\0\\\a0mul\\
=FMT  \\$a  SE
=022  \\$a1516-4373
=040  \\$aUk$beng$cUk
=245  00$aBrazilian electronic journal of economics$h[electronic resource]
=260  \\$aRio de Janeiro :$bUniversidade Federal de Pernambuco, Departamento de Economia, Grupo de Economia de Redes.,$c1997-.
=336  \\$atext$2rdacontent
=337  \\$acomputer$2rdamedia
=516  \\$aPDF format
=538  \\$aMode of access: Internet
=856  \\$ahttp://www.beje.decon.ufpe.br
=945  \\$aBrazilian electronic journal of economics
=979  \\$aBritish Library$cDSC$j2277.374000N
=CAT  \\$a5270$b40$c20080103$lBLL01$h1120
=CAT  \\$aWR12_168$c20121206$lBLL01$h1818
=CAT  \\$aW1711-1225$c20171203$lBLL01$h1028
=STA  \\$aSUPPRESSED$bunable to determine reason for suppression
=TCO  \\$aXXX$c008
=LAS  \\$aW1711-1225$b00$c20171203$lBLL01$h1028

