=LDR  00963 as a22003137a 4500
=001  014483204
=003  Uk
=005  20080103112434.0
=006  m\\\\\\\\d\|\\\\\\
=007  c\||||||||||||
=008  080103c20059999iv\tr\\\s\\\\\0\\\a0fre\\
=FMT  \\$a  SE
=022  \\$a1813-548X
=040  \\$aUk$beng$cUk
=245  00$aAfrique science$h[electronic resource]
=260  \\$aAbidjan :$bAfrique science,$c2005-.
=336  \\$atext$2rdacontent
=337  \\$acomputer$2rdamedia
=516  \\$aPDF format
=538  \\$aMode of access: Internet
=856  \\$ahttp://afriquescience.net
=945  \\$aAfrique science -electronic edition-
=979  \\$aBritish Library$cDSC$j0735.523500N
=CAT  \\$a5270$b40$c20080103$lBLL01$h1124
=CAT  \\$aWR12_168$c20121206$lBLL01$h1818
=CAT  \\$aW1711-1225$c20171203$lBLL01$h1028
=STA  \\$aSUPPRESSED$bunable to determine reason for suppression
=TCO  \\$aXXX$c008
=LAS  \\$aW1711-1225$b00$c20171203$lBLL01$h1028

