=LDR  01033 as a22003137a 4500
=001  014486808
=003  Uk
=005  20080108135517.0
=006  m\\\\\\\\d\|\\\\\\
=007  c\||||||||||||
=008  080108c20049999xxufr\\\s\\\\\0\\\a0eng\\
=FMT  \\$a  SE
=022  \\$a1548-0003
=040  \\$aUk$beng$cUk
=245  00$aInternational journal of applied economics$h[electronic resource]
=260  \\$aHammond :$bInstitute of International Economic Studies,$c2004-.
=336  \\$atext$2rdacontent
=337  \\$acomputer$2rdamedia
=516  \\$aPDF format
=538  \\$aMode of access: Internet
=856  \\$ahttp://www.selu.edu/orgs/ijae
=945  \\$aInternational journal of applied economics
=979  \\$aBritish Library$cDSC$j4542.085405N
=CAT  \\$a5270$b40$c20080108$lBLL01$h1355
=CAT  \\$aWR12_168$c20121206$lBLL01$h1818
=CAT  \\$aW1711-1225$c20171203$lBLL01$h1028
=STA  \\$aSUPPRESSED$bunable to determine reason for suppression
=TCO  \\$aTRS$bCCC$c008
=LAS  \\$aW1711-1225$b00$c20171203$lBLL01$h1028

