=LDR  00976 as a22003017a 4500
=001  014495825
=003  Uk
=005  20080117140437.0
=006  m\\\\\\\\d\|\\\\\\
=007  c\||||||||||||
=008  080117c20069999xxkuu\\\s\\\\\0\\\a0eng\\
=FMT  \\$a  SE
=040  \\$aUk$beng$cUk
=245  00$aGenomics monitor$h[electronic resource]
=260  \\$aBradford :$bUniversity of Bradford Department of Peace Studies,$c2006.
=336  \\$atext$2rdacontent
=337  \\$acomputer$2rdamedia
=516  \\$aPDF format
=538  \\$aMode of access: Internet
=856  \\$ahttp://www.brad.ac.uk/
=945  \\$aGenomics monitor -Electronic edition-
=979  \\$aBritish Library$cDSC$j4116.314250N
=CAT  \\$a6810$b40$c20080117$lBLL01$h1404
=CAT  \\$aWR12_168$c20121206$lBLL01$h1818
=CAT  \\$aW1711-1225$c20171203$lBLL01$h1028
=STA  \\$aSUPPRESSED$bunable to determine reason for suppression
=TCO  \\$aCLA$bCLA$c008
=LAS  \\$aW1711-1225$b00$c20171203$lBLL01$h1028

