=LDR  00981 as a22003137a 4500
=001  014496745
=003  Uk
=005  20080118140517.0
=006  m\\\\\\\\d\|\\\\\\
=007  c\||||||||||||
=008  080118c20009999fr\dr\\\s\\\\\0\\\a0eng\\
=FMT  \\$a  SE
=022  \\$a1777-5566
=040  \\$aUk$beng$cUk
=245  00$aFeedinfo news service$h[electronic resource]
=260  \\$aLabege :$bGlobal data systems,$c2000-.
=336  \\$atext$2rdacontent
=337  \\$acomputer$2rdamedia
=516  \\$aPDF format
=538  \\$aMode of access: Internet
=856  \\$ahttp://www.feedinfo.com
=945  \\$aFeedinfo news service -electronic edition-
=979  \\$aBritish Library$cDSC$j3902.135500N
=CAT  \\$a5270$b40$c20080118$lBLL01$h1405
=CAT  \\$aWR12_168$c20121206$lBLL01$h1818
=CAT  \\$aW1711-1225$c20171203$lBLL01$h1028
=STA  \\$aSUPPRESSED$bunable to determine reason for suppression
=TCO  \\$aFRA$bCFC$c008
=LAS  \\$aW1711-1225$b00$c20171203$lBLL01$h1028

