=LDR  01040 as a22003017a 4500
=001  014496770
=003  Uk
=005  20080118141716.0
=006  m\\\\\\\\d\|\\\\\\
=007  c\||||||||||||
=008  080118c20069999xxuuu\\\s\\\\\0\\\a0eng\\
=FMT  \\$a  SE
=040  \\$aUk$beng$cUk
=245  00$aInternational journal for dialogical science$h[electronic resource]
=260  \\$aSyracuse :$bInternational Society for Dialogical Science,$c2006-.
=336  \\$atext$2rdacontent
=337  \\$acomputer$2rdamedia
=516  \\$aPDF format
=538  \\$aMode of access: Internet
=856  \\$ahttp://ijds.lemoyne.edu/index.html
=945  \\$aInternational journal for dialogical science - electronic edition-
=979  \\$aBritish Library$cDSC$j4542.185255N
=CAT  \\$a5270$b40$c20080118$lBLL01$h1417
=CAT  \\$aWR12_168$c20121206$lBLL01$h1818
=CAT  \\$aW1711-1225$c20171203$lBLL01$h1028
=STA  \\$aSUPPRESSED$bunable to determine reason for suppression
=TCO  \\$aTRS$bCCC$c008
=LAS  \\$aW1711-1225$b00$c20171203$lBLL01$h1028

