=LDR  00962 as a22003017a 4500
=001  014496808
=003  Uk
=005  20080118143227.0
=006  m\\\\\\\\d\|\\\\\\
=007  c\||||||||||||
=008  080118c19989999xxuuu\\\s\\\\\0\\\a0eng\\
=FMT  \\$a  SE
=040  \\$aUk$beng$cUk
=245  00$aNeuroAIDS$h[electronic resource]
=260  \\$bAmerican Association for the Advancement of Science.,$c1998-.
=336  \\$atext$2rdacontent
=337  \\$acomputer$2rdamedia
=516  \\$aPDF format
=538  \\$aMode of access: Internet
=856  \\$ahttp://aidscience.org/neuroaids
=945  \\$aNeuroaids -electronic edition-
=979  \\$aBritish Library$cDSC$j6081.289750N
=CAT  \\$a5270$b40$c20080118$lBLL01$h1432
=CAT  \\$aWR12_168$c20121206$lBLL01$h1818
=CAT  \\$aW1711-1225$c20171203$lBLL01$h1028
=STA  \\$aSUPPRESSED$bunable to determine reason for suppression
=TCO  \\$aTRS$bCCC$c008
=LAS  \\$aW1711-1225$b00$c20171203$lBLL01$h1028

