=LDR  01102 as a22003257a 4500
=001  014502943
=003  Uk
=005  20080125122616.0
=006  m\\\\\\\\d\|\\\\\\
=007  c\||||||||||||
=008  080125c19889999bl\fr\\\s\\\\\0\\\a0mul\\
=FMT  \\$a  SE
=022  \\$a1806-6690
=040  \\$aUk$beng$cUk
=245  00$aRevista ciência agronômica (Online)$h[electronic resource]
=260  \\$aFortaleza :$bUniversidade Federal do Ceará, Centro de Ciências Agrárias.,$c1988-.
=336  \\$atext$2rdacontent
=337  \\$acomputer$2rdamedia
=516  \\$aPDF format
=538  \\$aMode of access: Internet
=856  \\$ahttp://www.ccarevista.ufc.br/
=945  \\$aRevista ciencia agronomica -electronic edition-
=979  \\$aBritish Library$bDSC$j7849.870000N
=CAT  \\$a5270$b40$c20080125$lBLL01$h1217
=CAT  \\$a5270$b40$c20080125$lBLL01$h1226
=CAT  \\$aWR12_168$c20121206$lBLL01$h1818
=CAT  \\$aW1711-1225$c20171203$lBLL01$h1028
=STA  \\$aSUPPRESSED$bunable to determine reason for suppression
=TCO  \\$aXXX$c008
=LAS  \\$aW1711-1225$b00$c20171203$lBLL01$h1028

