=LDR  01030 as a22003137a 4500
=001  014516197
=003  Uk
=005  20080207153712.0
=006  m\\\\\\\\d\|\\\\\\
=007  c\||||||||||||
=008  080207c20059999xxuqr\\\s\\\\\0\\\a0eng\\
=FMT  \\$a  SE
=022  \\$a1559-3061
=040  \\$aUk$beng$cUk
=245  00$aJournal of ethics & social philosophy$h[electronic resource]
=260  \\$aLos Angeles :$bUniversity of Southern California,$c2005.
=336  \\$atext$2rdacontent
=337  \\$acomputer$2rdamedia
=516  \\$aPDF format
=538  \\$aMode of access: Internet
=856  \\$ahttp://www.jesp.org/
=945  \\$aJournal of ethics and social philosophy -Electronic edition-
=979  \\$aBritish Library$bDSC$j4979.573000N
=CAT  \\$a6810$b40$c20080207$lBLL01$h1537
=CAT  \\$aWR12_168$c20121206$lBLL01$h1818
=CAT  \\$aW1711-1225$c20171203$lBLL01$h1028
=STA  \\$aSUPPRESSED$bunable to determine reason for suppression
=TCO  \\$aTRS$bCCC$c008
=LAS  \\$aW1711-1225$b00$c20171203$lBLL01$h1028

