=LDR  00969 as a22003137a 4500
=001  014521121
=003  Uk
=005  20080214092550.0
=006  m\\\\\\\\d\|\\\\\\
=007  c\||||||||||||
=008  080214c20009999fr\qr\\\s\\\\\0\\\b0mul\\
=FMT  \\$a  SE
=022  \\$a1630-7712
=040  \\$aUk$beng$cUk
=245  00$aOrgandi quarterly$h[electronic resource]
=260  \\$aParis :$bOrgandi quarterly,$c2000.
=336  \\$atext$2rdacontent
=337  \\$acomputer$2rdamedia
=516  \\$aPDF format
=538  \\$aMode of access: Internet
=856  \\$ahttp://www.organdi.net/
=945  \\$aOrgandi quarterly -Electronic edition-
=979  \\$aBritish Library$bDSC$j6285.835000N
=CAT  \\$a6810$b40$c20080214$lBLL01$h0925
=CAT  \\$aWR12_168$c20121206$lBLL01$h1818
=CAT  \\$aW1711-1225$c20171203$lBLL01$h1028
=STA  \\$aSUPPRESSED$bunable to determine reason for suppression
=TCO  \\$aFRA$bCFC$c008
=LAS  \\$aW1711-1225$b00$c20171203$lBLL01$h1028

