=LDR  01045cas a22003137a 4500
=001  014521871
=003  Uk
=005  20230125095836.0
=006  m\\\\\\\\d\|\\\\\\
=007  c\||||||||||||
=008  080215c19uu9999uy\uu\\\s\\\\\0\\\a0eng\\
=FMT  \\$a  SE
=040  \\$aUk$beng$cUk
=245  00$aDeer Specialist Group news [electronic resource]$h[electronic resource]
=260  \\$aMontevideo :$bDeer Specialist Group.
=336  \\$atext$2rdacontent
=337  \\$acomputer$2rdamedia
=516  \\$aPDF format
=538  \\$aMode of access: Internet
=856  \\$ahttp://iibce.edu.uy/citogenetica/deer/news.htm
=945  \\$aDeer Specialist Group news -electronic edition-
=979  \\$aBritish Library$bDSC$j3541.215000N
=CAT  \\$a5270$b40$c20080215$lBLL01$h1038
=CAT  \\$aWR12_168$c20121206$lBLL01$h1818
=CAT  \\$aW1711-1225$c20171203$lBLL01$h1028
=CAT  \\$a8250$b40$c20230125$lBLL01$h0958
=STA  \\$aSUPPRESSED$bunable to determine reason for suppression
=TCO  \\$aXXX$c008
=LAS  \\$a8250$b40$c20230125$lBLL01$h0958

