=LDR  01029 as a22003137a 4500
=001  014535250
=003  Uk
=005  20080303152415.0
=006  m\\\\\\\\d\|\\\\\\
=007  c\||||||||||||
=008  080303c20029999xxumr\\\s\\\\\0\\\a0eng\\
=FMT  \\$a  SE
=022  \\$a1538-6414
=040  \\$aUk$beng$cUk
=245  00$aInternet electronic journal of molecular design$h[electronic resource]
=260  \\$aGalveston :$bBioChem Press,$c2002.
=336  \\$atext$2rdacontent
=337  \\$acomputer$2rdamedia
=516  \\$aPDF format
=538  \\$aMode of access: Internet
=856  \\$ahttp://biochempress.com
=945  \\$aInternet electronic journal of molecular design -Electronic edition-
=979  \\$aBritish Library$bDSC$j4557.199797N
=CAT  \\$a6810$b40$c20080303$lBLL01$h1524
=CAT  \\$aWR12_168$c20121206$lBLL01$h1818
=CAT  \\$aW1711-1225$c20171203$lBLL01$h1029
=STA  \\$aSUPPRESSED$bunable to determine reason for suppression
=TCO  \\$aTRS$bCCC$c008
=LAS  \\$aW1711-1225$b00$c20171203$lBLL01$h1029

