=LDR  00956 as a22003137a 4500
=001  014577019
=003  Uk
=005  20100419100855.0
=006  m\\\\\\\\d\|\\\\\\
=007  c\||||||||||||
=008  080402c20049999pl\qr\\\s\\\\\0\\\a0eng\\
=FMT  \\$a  SE
=022  \\$a1733-5566
=040  \\$aUk$beng$cUk
=245  00$aDiametros$h[electronic resource]
=260  \\$aKrakow$bJagiellonian University$c2004-
=336  \\$atext$2rdacontent
=337  \\$acomputer$2rdamedia
=516  \\$aPDF format
=538  \\$aMode of access: Internet
=856  \\$ahttp://www.diametros.iphils.uj.edu.pl/
=945  \\$aDiamterros -Krakow-
=979  \\$aBritish Library$bDSC$j3579.835155N
=CAT  \\$a5763$b40$c20080402$lBLL01$h1408
=CAT  \\$a8456$b40$c20100419$lBLL01$h1008
=CAT  \\$aW1711-1225$c20171203$lBLL01$h1029
=STA  \\$aSUPPRESSED$bunable to determine reason for suppression
=TCO  \\$aXXX$c008
=LAS  \\$aW1711-1225$b00$c20171203$lBLL01$h1029

