=LDR  01123 as a22003377a 4500
=001  014599712
=003  Uk
=005  20080428115707.0
=006  m\\\\\\\\d\|\\\\\\
=007  c\||||||||||||
=008  080428c20049999xxumr\\\s\\\\\0\\\a0eng\\
=FMT  \\$a  SE
=022  \\$a1553-0205
=040  \\$aUk$beng$cUk
=245  00$ajournal of dental hygiene(online)$h[electronic resource]
=260  \\$aChicago :$bAmerican Dental Hygienists Association,$c2004.
=336  \\$atext$2rdacontent
=337  \\$acomputer$2rdamedia
=516  \\$aPDF format
=538  \\$aMode of access: Internet
=595  \\$aFormerly 4968.470000.
=856  \\$ahttp:www.ingentaconnect.com/content/adha/jdh
=945  \\$aJournal of dental hygiene -Electronic edition-
=979  \\$aBritish Library$bDSC$j4968.473000N
=CAT  \\$a6810$b40$c20080428$lBLL01$h1156
=CAT  \\$a6810$b40$c20080428$lBLL01$h1157
=CAT  \\$aWR12_168$c20121206$lBLL01$h1836
=CAT  \\$aW1711-1225$c20171203$lBLL01$h1029
=STA  \\$aSUPPRESSED$bunable to determine reason for suppression
=TCO  \\$aTRS$bCCC$c008
=LAS  \\$aW1711-1225$b00$c20171203$lBLL01$h1029

