=LDR  01012 as a22003137a 4500
=001  014612606
=003  Uk
=005  20080512142846.0
=006  m\\\\\\\\d\|\\\\\\
=007  c\||||||||||||
=008  080512c20019999sa\ar\\\s\\\\\0\\\a0eng\\
=FMT  \\$a  SE
=022  \\$a1684-1999
=040  \\$aUk$beng$cUk
=245  00$aActa commercii$h[electronic resource]
=260  \\$aAuckland Park :$bDepartment of Business Management,$c2001.
=336  \\$atext$2rdacontent
=337  \\$acomputer$2rdamedia
=516  \\$aPDF format
=538  \\$aMode of access: Internet
=856  \\$ahttp://www.journals.co.za/ej/ejour%5Facom.html
=945  \\$aActa commercii -Electronic edition-
=979  \\$aBritish Library$bDSC$j0611.652100N
=CAT  \\$a6810$b40$c20080512$lBLL01$h1428
=CAT  \\$aWR12_168$c20121206$lBLL01$h1818
=CAT  \\$aW1711-1225$c20171203$lBLL01$h1029
=STA  \\$aSUPPRESSED$bunable to determine reason for suppression
=TCO  \\$aZAF$bDALRO$c008
=LAS  \\$aW1711-1225$b00$c20171203$lBLL01$h1029

