=LDR  01036 as a22003137a 4500
=001  014639602
=003  Uk
=005  20120810135110.0
=006  m\\\\\\\\d\|\\\\\\
=007  c\||||||||||||
=008  080610c20079999at\uu\\\s\\\\\0\\\a0eng\\
=FMT  \\$a  SE
=022  \\$a1833-1874
=040  \\$aUk$beng$cUk
=245  00$aDesign Principles & Practices: An International Journal$h[electronic resource]
=260  \\$aVictoria :$bCommon Ground Publishing,$c2007.
=336  \\$atext$2rdacontent
=337  \\$acomputer$2rdamedia
=516  \\$aPDF format
=538  \\$aMode of access: Internet
=856  \\$ahttp://ijg.cgpublisher.com/product/pub.154/prod.3
=945  \\$aDesign principles and practices
=979  \\$aBritish Library$bDSC$j3560.142200N
=CAT  \\$a6810$b40$c20080610$lBLL01$h0926
=CAT  \\$a8456$b40$c20120810$lBLL01$h1351
=CAT  \\$aW1711-1225$c20171203$lBLL01$h1029
=STA  \\$aSUPPRESSED$bunable to determine reason for suppression
=TCO  \\$aAUS$bCAL$c008
=LAS  \\$aW1711-1225$b00$c20171203$lBLL01$h1029

