=LDR  01076 as a22003257a 4500
=001  014659706
=003  Uk
=005  20080704112901.0
=006  m\\\\\\\\d\|\\\\\\
=007  cr||||||||||||
=008  080704c19969999at\||\\\s\\\\\0\\\a0eng\\
=FMT  \\$a  SE
=022  \\$a1447-1175
=040  \\$aUk$beng$cUk
=245  00$aSynergy$h[electronic resource]
=260  \\$aSydney :$bInstitute for Teaching and Learning University of Sydney,$c1996-.
=336  \\$atext$2rdacontent
=337  \\$acomputer$2rdamedia
=338  \\$aonline resource$2rdacarrier
=516  \\$aPDF format
=538  \\$aMode of access: Internet
=856  \\$awww.itl.usyd.edu.au/synergy/
=945  \\$aSynergy- Institute for Teaching and Learning University of Sydney
=979  \\$aBritish Library$bDSC$j8585.934755N
=CAT  \\$a5763$b40$c20080704$lBLL01$h1129
=CAT  \\$aWR12_168$c20121206$lBLL01$h1818
=CAT  \\$aW1711-1225$c20171203$lBLL01$h1030
=STA  \\$aSUPPRESSED$bunable to determine reason for suppression
=TCO  \\$aAUS$bCAL$c008
=LAS  \\$aW1711-1225$b00$c20171203$lBLL01$h1030

