=LDR  01015 as a22003137a 4500
=001  014752822
=003  Uk
=005  20080915120134.0
=006  m\\\\\\\\d\|\\\\\\
=007  c\||||||||||||
=008  080915c19999999be\fr\\\s\\\\\0\\\a0eng\\
=FMT  \\$a  SE
=022  \\$a1374-738x
=040  \\$aUk$beng$cUk
=245  04$aThe international scope review$h[electronic resource]
=260  \\$aLa Hulpe :$bInternational scope review,$c1999.
=336  \\$atext$2rdacontent
=337  \\$acomputer$2rdamedia
=516  \\$aPDF format
=538  \\$aMode of access: Internet
=856  \\$ahttp://www.socialcapital-foundation.org/
=945  \\$aInternational scope review -Electronic edition-
=979  \\$aBritish Library$bDSC$j4548.894637N
=CAT  \\$a6810$b40$c20080915$lBLL01$h1201
=CAT  \\$aWR12_168$c20121206$lBLL01$h1818
=CAT  \\$aW1711-1225$c20171203$lBLL01$h1030
=STA  \\$aSUPPRESSED$bunable to determine reason for suppression
=TCO  \\$aXXX$c008
=LAS  \\$aW1711-1225$b00$c20171203$lBLL01$h1030

