=LDR  00962 as a22003137a 4500
=001  014759502
=003  Uk
=005  20100602145735.0
=006  m\\\\\\\\d\|\\\\\\
=007  c\||||||||||||
=008  080923c20019999pl\qr\\\s\\\\\0\\\b0mul\\
=FMT  \\$a  SE
=022  \\$a1642-2848
=040  \\$aUk$beng$cUk
=245  00$aActa clinica$h[electronic resource]
=260  \\$aWarszawa :$bFundacja Multis Multum,$c2001-.
=336  \\$atext$2rdacontent
=337  \\$acomputer$2rdamedia
=516  \\$aPDF format
=538  \\$aMode of access: Internet
=856  \\$ahttp://zatoka.icm.edu.pl/acclin/
=945  \\$aActa clinica -Warszawa-
=979  \\$aBritish Library$bDSC$j0611.630000N
=CAT  \\$a9729$b40$c20080923$lBLL01$h1412
=CAT  \\$a5763$b40$c20100602$lBLL01$h1457
=CAT  \\$aW1711-1225$c20171203$lBLL01$h1031
=STA  \\$aSUPPRESSED$bunable to determine reason for suppression
=TCO  \\$aXXX$c008
=LAS  \\$aW1711-1225$b00$c20171203$lBLL01$h1031

