=LDR  01026 as a22003137a 4500
=001  014764406
=003  Uk
=005  20080930115723.0
=006  m\\\\\\\\d\|\\\\\\
=007  c\||||||||||||
=008  080930c20089999ii\uu\\\s\\\\\0\\\a0eng\\
=FMT  \\$a  SE
=022  \\$a0974-2328
=040  \\$aUk$beng$cUk
=245  00$aJournal of Biochemical Technology$h[electronic resource]
=260  \\$aAndhra Pradesh :$bSevas Educational Society,$c2008.
=336  \\$atext$2rdacontent
=337  \\$acomputer$2rdamedia
=516  \\$aPDF format
=538  \\$aMode of access: Internet
=856  \\$ahttp://jbt.biodbs.info/Contact.html
=945  \\$aJournal of biochemical engineering -Electronic edition-
=979  \\$aBritish Library$bDSC$j4951.770000N
=CAT  \\$a6810$b40$c20080930$lBLL01$h1157
=CAT  \\$aWR12_168$c20121206$lBLL01$h1818
=CAT  \\$aW1711-1225$c20171203$lBLL01$h1031
=STA  \\$aSUPPRESSED$bunable to determine reason for suppression
=TCO  \\$aXXX$c008
=LAS  \\$aW1711-1225$b00$c20171203$lBLL01$h1031

