=LDR  00983 as a22003137a 4500
=001  014774615
=003  Uk
=005  20100607123231.0
=006  m\\\\\\\\d\|\\\\\\
=007  c\||||||||||||
=008  081010c20079999enkqr\\\s\\\\\0\\\a0eng\\
=FMT  \\$a  SE
=022  \\$a1898-3863
=040  \\$aUk$beng$cUk
=245  00$aAdvances in palliative medicine$h[electronic resource]
=260  \\$aGdańsk :$b"Via Medica" Publishers,$c2007-.
=336  \\$atext$2rdacontent
=337  \\$acomputer$2rdamedia
=516  \\$aPDF format
=538  \\$aMode of access: Internet
=856  \\$ahttp://www.advpm.eu/
=945  \\$aAdvances in palliative medicine
=979  \\$aBritish Library$bDSC$j0709.577300N
=CAT  \\$a9729$b40$c20081010$lBLL01$h1128
=CAT  \\$a5763$b40$c20100607$lBLL01$h1232
=CAT  \\$aW1711-1225$c20171203$lBLL01$h1031
=STA  \\$aSUPPRESSED$bunable to determine reason for suppression
=TCO  \\$aCLA$bCLA$c008
=LAS  \\$aW1711-1225$b00$c20171203$lBLL01$h1031

