=LDR  01004 as a22003137a 4500
=001  014792530
=003  Uk
=005  20081103134434.0
=006  m\\\\\\\\d\|\\\\\\
=007  c\||||||||||||
=008  081103c20079999gw\uu\\\s\\\\\0\\\a0eng\\
=FMT  \\$a  SE
=022  \\$a1864-3361
=040  \\$aUk$beng$cUk
=245  00$aSurvey Research Methods$h[electronic resource]
=260  \\$bEuropean Survey Research Association,$c2007.
=336  \\$atext$2rdacontent
=337  \\$acomputer$2rdamedia
=516  \\$aPDF format
=538  \\$aMode of access: Internet
=856  \\$ahttp://w4.ub.uni-konstanz.de/srm
=945  \\$aSurvey research methods -Electronic edition-
=979  \\$aBritish Library$bDSC$j8550.990000N
=CAT  \\$a6810$b40$c20081103$lBLL01$h1344
=CAT  \\$aWR12_168$c20121206$lBLL01$h1819
=CAT  \\$aW1711-1225$c20171203$lBLL01$h1031
=STA  \\$aSUPPRESSED$bunable to determine reason for suppression
=TCO  \\$aDEU$bVG WORT$c008
=LAS  \\$aW1711-1225$b00$c20171203$lBLL01$h1031

