=LDR  01003 as a22003137a 4500
=001  014792552
=003  Uk
=005  20081103135515.0
=006  m\\\\\\\\d\|\\\\\\
=007  c\||||||||||||
=008  081103c20079999tu\uu\\\s\\\\\0\\\a0eng\\
=FMT  \\$a  SE
=022  \\$a1307-1130
=040  \\$aUk$beng$cUk
=245  00$aJournal of Applied Biological Sciences$h[electronic resource]
=260  \\$bNobel Publishing,$c2007.
=336  \\$atext$2rdacontent
=337  \\$acomputer$2rdamedia
=516  \\$aPDF format
=538  \\$aMode of access: Internet
=856  \\$ahttp://www.nobelonline.neet/makaleler.asp?dergiID=2
=945  \\$aJournal of applied biological sciences
=979  \\$aBritish Library$bDSC$j4940.625000N
=CAT  \\$a6810$b40$c20081103$lBLL01$h1355
=CAT  \\$aWR12_168$c20121206$lBLL01$h1819
=CAT  \\$aW1711-1225$c20171203$lBLL01$h1031
=STA  \\$aSUPPRESSED$bunable to determine reason for suppression
=TCO  \\$aXXX$c008
=LAS  \\$aW1711-1225$b00$c20171203$lBLL01$h1031

