=LDR  01559 am a2200433 a 4500
=001  014801617
=003  Uk
=005  20090225095202.0
=006  m\\\\|\\\d\|\\\\\\
=007  cr||||||||||||
=008  081112s2007\\\\enk||||\s\\\\o00|\0\eng\\
=FMT  \\$a  BK
=015  \\$aGBA921257$2bnb
=020  \\$cNo price
=040  \\$aUk$beng$cUk
=042  \\$aukblsr
=082  04$a363.50941$222
=245  00$aCorporate governance$h[electronic resource] :$binternal audit programme guide.
=260  \\$a[London :$bHousing Corporation],$c2007.
=300  \\$a14 p. :$bdigital, PDF file.
=336  \\$atext$2rdacontent
=337  \\$acomputer$2rdamedia
=338  \\$aonline resource$2rdacarrier
=538  \\$aMode of access: World Wide Web.
=538  \\$aSystem requirements: Adobe Acrobat Reader.
=500  \\$aTitle from PDF title page (viewed on 25 Feb., 2009).
=500  \\$aHousing Corporation IGP database ref. no.: G01-20213.
=650  \0$aHousing authorities$zGreat Britain$xAuditing.
=710  2\$aHousing Corporation.
=710  2\$aHousing Association Internal Audit Forum.
=856  4\$ahttp://www.housingcorp.gov.uk/upload/pdf/IAPG_-_Corporate_Governance.pdf
=CAT  \\$a10902$b40$c20081112$lBLL01$h1554
=CAT  \\$a10902$b40$c20081112$lBLL01$h1555
=CAT  \\$a11281$b40$c20090225$lBLL01$h0951
=CAT  \\$a11281$b40$c20090225$lBLL01$h0952
=CAT  \\$aW1711-1225$c20171203$lBLL01$h1031
=FIN  \\$aY$d20090225
=STA  \\$aSUPPRESSED$bunable to determine reason for suppression
=LAS  \\$aW1711-1225$b00$c20171203$lBLL01$h1031

