=LDR  00884 as a22003017a 4500
=001  014820108
=003  Uk
=005  20081117164501.0
=006  m\\\\\\\\d\|\\\\\\
=007  c\||||||||||||
=008  081117c20059999xxuuu\\\s\\\\\0\\\a0eng\\
=FMT  \\$a  SE
=040  \\$aUk$beng$cUk
=245  00$aMorphOn$h[electronic resource]
=260  \\$aUSA,$c2005-.
=336  \\$atext$2rdacontent
=337  \\$acomputer$2rdamedia
=516  \\$aPDF format
=538  \\$aMode of access: Internet
=856  \\$ahttp://morphologyonline.com
=945  \\$aMorphOn
=979  \\$aBritish Library$bDSC$j5966.990000N
=CAT  \\$a9729$b40$c20081117$lBLL01$h1645
=CAT  \\$aWR12_168$c20121206$lBLL01$h1819
=CAT  \\$aW1711-1225$c20171203$lBLL01$h1031
=STA  \\$aSUPPRESSED$bunable to determine reason for suppression
=TCO  \\$aTRS$bCCC$c008
=LAS  \\$aW1711-1225$b00$c20171203$lBLL01$h1031

