=LDR  01071 as a22003257a 4500
=001  014820432
=003  Uk
=005  20081118105100.0
=006  m\\\\\\\\d\|\\\\\\
=007  c\||||||||||||
=008  081118c20049999dk\br\\\s\\\\\0\\\a0eng\\
=FMT  \\$a  SE
=022  \\$a1603-9629
=040  \\$aUk$beng$cUk
=245  00$aDanish medical bulletin(Online)$h[electronic resource]
=260  \\$aCopenhagen :$bDanish Medical Association Danish Medical Society,$c2004.
=336  \\$atext$2rdacontent
=337  \\$acomputer$2rdamedia
=516  \\$aPDF format
=538  \\$aMode of access: Internet
=595  \\$aFormerly 3519.4 -2003.
=856  \\$ahttp://www.danmedbul.dk/index.html
=945  \\$aDanish medical bulletin -Electronic edition-
=979  \\$aBritish Library$bDSC$j3519.402000N
=CAT  \\$a6810$b40$c20081118$lBLL01$h1051
=CAT  \\$aWR12_168$c20121206$lBLL01$h1836
=CAT  \\$aW1711-1225$c20171203$lBLL01$h1031
=STA  \\$aSUPPRESSED$bunable to determine reason for suppression
=TCO  \\$aXXX$c008
=LAS  \\$aW1711-1225$b00$c20171203$lBLL01$h1031

