=LDR  01970 am a2200505 a 4500
=001  014897336
=003  Uk
=005  20100204175623.0
=006  m||||||||d||||||||
=007  cr||||||||||||
=008  090821s2009\\\\stk\\\\\s\\\\o000|0\eng|\
=FMT  \\$a  BK
=015  \\$aGBB020846$2bnb
=020  \\$a9780755971619 :$cNo price
=020  \\$a0755971612 :$cNo price
=040  \\$aStDuBDS$beng$cStDuBDS
=042  \\$aukblsr
=082  04$a344.4110322$222
=245  00$aAdult support and protection (Scotland) Act 2007$h[electronic resource] :$bcode of practice for local authorities and practitioners exercising functions under part 1 of the act.
=260  \\$aEdinburgh :$bScottish Government,$cc2009.
=300  \\$a73 p. :$bdigital, PDF file.
=336  \\$atext$2rdacontent
=337  \\$acomputer$2rdamedia
=338  \\$aonline resource$2rdacarrier
=500  \\$aTitle from PDF title page (viewed on 21 August 2009).
=530  \\$aAlso issued in print format.
=538  \\$aMode of access: World Wide Web.
=538  \\$aSystem requirements: Adobe Acrobat Reader.
=610  10$aScotland.$tAdult Support and Protection (Scotland) Act 2007.
=650  \0$aPeople with disabilities$xAbuse of$zScotland$xPrevention.
=650  \0$aMentally ill$xAbuse of$zScotland$xPrevention.
=710  1\$aScotland.$bScottish Government.
=856  40$ahttp://www.scotland.gov.uk/Resource/Doc/259161/0076850.pdf
=985  \\$aNETCAT record
=CAT  \\$a10902$b40$c20090205$lBLL01$h1124
=CAT  \\$a10902$b40$c20090205$lBLL01$h1125
=CAT  \\$aBATCH-SURR$b00$c20100204$lBLL01$h1754
=CAT  \\$aBATCH$b00$c20100204$lBLL01$h1756
=CAT  \\$aBATCH-CORR$c20100211$lBLL01$h1314
=CAT  \\$aBATCH$b00$c20100910$lBLL01$h1136
=CAT  \\$aW1711-1225$c20171203$lBLL01$h1032
=FIN  \\$aY$d20100211
=SRC  \\$aNETCAT$bnetcatem.20100204
=STA  \\$aSUPPRESSED$bunable to determine reason for suppression
=LAS  \\$aW1711-1225$b00$c20171203$lBLL01$h1032

