=LDR  01743 am a2200457 a 4500
=001  014927528
=003  Uk
=005  20120203130313.0
=006  m\\\\|\\\d\|\\\\\\
=007  cr\|||||||||||
=008  090311s2008\\\\enk\\\\\ob\\\\000\0\eng\\
=FMT  \\$a  BK
=015  \\$aGBB211233$2bnb
=040  \\$aUk$beng$cUk
=042  \\$aukblsr
=082  04$a323.109729167$223
=245  00$aUnited States of America$h[electronic resource] :$bfrom ill-treatment to unfair trial : the case of Mohammed Jawad, child 'enemy combatant'.
=246  30$aCase of Mohammed Jawad, child 'enemy combatant'
=260  \\$aLondon :$bAmnesty International,$c2008.
=300  \\$a1 online resource (70 p.)
=336  \\$atext$2rdacontent
=337  \\$acomputer$2rdamedia
=338  \\$aonline resource$2rdacarrier
=500  \\$aIndex no.: AMR 51/091/2008.
=500  \\$aTitle from PDF title page (viewed on Feb. 3, 2012).
=504  \\$aIncludes bibliographical references.
=650  \0$aPrisoners of war$zAfghanistan.
=650  \0$aPrisoners of war$zUnited States.
=650  \0$aPrisoners of war$xAbuse of.
=650  \0$aJuvenile detention$zUnited States.
=610  20$aGuantánamo Bay Detention Camp.
=710  2\$aAmnesty International.
=856  40$ahttp://www.amnesty.org/en/library/asset/AMR51/091/2008/en/d47d414f-693e-11dd-8e5e-43ea85d15a69/amr510912008eng.pdf
=CAT  \\$a7750$b40$c20090311$lBLL01$h0833
=CAT  \\$a7750$b40$c20090311$lBLL01$h0834
=CAT  \\$a12181$b40$c20120203$lBLL01$h1259
=CAT  \\$a12181$b40$c20120203$lBLL01$h1303
=CAT  \\$aW1711-1225$c20171203$lBLL01$h1032
=FIN  \\$aY$d20120203
=STA  \\$aSUPPRESSED$bunable to determine reason for suppression
=LAS  \\$aW1711-1225$b00$c20171203$lBLL01$h1032

